{
  "model": "pythia-70m",
  "checkpoint": "step65000",
  "timestamp": "2025-09-12T10:32:41.190338",
  "results": [
    {
      "id": "a1b54eff7de3dc7bfab148325c7a940b",
      "question": "What method did the company use when Topic 606 in fiscal 2019 was adopted?",
      "gold_answer": [
        "the modified retrospective method"
      ],
      "markdown_table_response": "We utilized a comprehensive approach to evaluate and document the impact of the guidance on our current accounting policies and practices in order to identify material differences, if any, that would result from applying the new requirements to our revenue contracts. We did not identify any material differences resulting from applying the new requirements to our revenue contracts. In addition, we did not identify any material differences resulting from applying the new requirements to our revenue contracts.",
      "csv_string_response": "What method did the company use when it is in the months of November, 2019 to the year of September 2019?",
      "json_rows_response": "What method did the company use when it is approved by the U.S. Federal Reserve Bank of China (FBRC) in fiscal 2019?"
    },
    {
      "id": "e1ebf2222c9950fbf5375e54a65729f2",
      "question": "How much was the cumulative-effect adjustment to the opening balance of fiscal 2019 retained earnings?",
      "gold_answer": [
        "$0.5 million"
      ],
      "markdown_table_response": "What is the cumulative effect of the adjustments made to the revenue contracts?",
      "csv_string_response": "The information provided in the table was collected in the following manner.",
      "json_rows_response": "To determine the impact of the guidance on the current accounting policies and practices, we used the information provided in the table (Table [1](#T1){ref-type=\"table\"}). We used the information provided in the table (Table [2](#T2){ref-type=\"table\"}). We used the information provided in the table to determine the impact of the guidance on the current accounting policies and practices."
    },
    {
      "id": "7c510956809977a550837006a464fd91",
      "question": "What are the balances (without Adoption of Topic 606, in millions) of inventories and other accrued liabilities, respectively?",
      "gold_answer": [
        "1,568.6",
        "690.5"
      ],
      "markdown_table_response": "Does the balance sheet exist in the form of an estimate of the balances (without Adoption of Topic 606, in millions) of inventories and other current liabilities?",
      "csv_string_response": "Is the invoice required to be updated monthly, or does the invoice have to be updated monthly?",
      "json_rows_response": "How does the new rule apply to the revenue contracts?"
    },
    {
      "id": "200c49c9af38ccc05eb04a1b4f96e34c",
      "question": "What is the percentage of adjustment to the balance of as reported prepaid expenses and other current assets?",
      "gold_answer": 17.7,
      "markdown_table_response": "What is the percentage of the adjustments made to the balance of as reported prepaid expenses and other current liabilities?",
      "csv_string_response": "In the cases of the current accounting policies and practices in the current accounting policies and practices, we refer to the following as the \"final answer\" or the \"final answer\" of the \"last answer\" of the \"last answer\" of the \"last answer\".",
      "json_rows_response": "The total balance sheet of the proposed $0.5 million restructuring plan is a consolidated financial statement which provides the results of the consolidated financial statement and the consolidated financial statement of the proposed plan."
    },
    {
      "id": "218914f020d11b337a73438eac532cd0",
      "question": "What is the percentage change of the balance of inventories after being adjusted?",
      "gold_answer": -0.2,
      "markdown_table_response": "Are the payments made on the balance of inventories the same as the amounts paid on the balance of inventories after being adjusted?",
      "csv_string_response": "Yes, the change is not made to the full balance of inventories and therefore is not a revenue audit. In fact, in an effort to create the impact of the new requirements on our revenue contracts, the balance sheet of the consolidated balance sheet was considered, in an effort to produce a revenue statement as to the change of balance sheet. The change was made to the balance sheet of the consolidated balance sheet. We had an average balance sheet of $0.7 million, a decrease to $4.2 million, and an increase to $1.6 million, respectively. The revenue statement of the consolidated balance sheet was based on the $0.5 million increase in the previous year, and the balance sheet of the consolidated balance sheet.",
      "json_rows_response": "Answer:"
    },
    {
      "id": "80d7a9cd564cbd87a5bd261b263ab09f",
      "question": "What is the ratio of total current assets balance, as reported, to total current liabilities balance, as reported?",
      "gold_answer": 3.61,
      "markdown_table_response": "For the decision of the decision of the final decision of the final decision of the final decision of the final decision of the final decision of the final decision of the final decision of the final decision of the final decision of the final decision of the final decision of the final decision of the final decision of the final decision of the final decision of the final decision of the final decision of the final decision of the final decision of the final decision of the final decision of the final decision of the final decision of the final decision of the final decision of the final decision of the final decision of the final decision of the final decision of the final decision of the final decision of the final decision of the final decision of the final decision of the final decision of the final decision of the final decision of the final decision of the final decision of the final decision of the final decision of the final decision of the final decision of the final decision of the final decision of the final decision of the final decision of the final decision of the final decision of the final decision of the final decision of the final decision of the final decision of the final decision of the final decision of the final decision of the final decision of the final decision of the final decision of the final decision of the final decision of the final decision of the",
      "csv_string_response": "What is the ratio of total current liabilities balance, as reported, to total current liabilities balance, as reported?",
      "json_rows_response": "A. Revenue Change"
    },
    {
      "id": "dab39e83b38ceedf0797e94847ca2dae",
      "question": "Which years does the table provide information for R&D, sales and marketing, and G&A expenses?",
      "gold_answer": [
        "2019",
        "2018",
        "2017"
      ],
      "markdown_table_response": "|  |  | Year Ended |  |  |  |\n| --- | --- | --- | --- | --- | --- |\n|  | July 27, 2019 | July 28, 2018 | July 29, 2018 | Variance in Dollars | Variance in Percent |\n| Research and development | $ 6,577 | $ 6,332 | $6,059 | $6,059 | $245 | 4% |\n| Percentage of revenue | 10.8% | 10.3% | 10.6% | 10.2% | 10.3% | 10.1% | 10.1% | 10.1% | 10.2% | 10.3% | 10.1% | 10.2% | 10.3% | 10.3% | 10.4% | 10.5% | 10.7% | 10.8% | 10.8% | 10.9% | 10.9% | 10.6% | 10.8% | 10.7% | 10.6% | 10.9% | 10.7% | 10.8% | 10.8% | 10.8% | 10.9% | 10.8%",
      "csv_string_response": "Based upon the data from the table and the accompanying text, we can discuss the appropriate answer below.",
      "json_rows_response": "[\n  {\n    \"\": \"Dollar in dollars\",\n    \"Years Ended\": \"2.5%\",\n    \"Exchanges\": \"5.7%\"\n  },\n  {\n    \"\": \"4%\",\n    \"Years Ended\": \"5.3%\"\n  },\n  {\n    \"\": \"7%\",\n    \"Years Ended\": \"10.8%\"\n  },\n  {\n    \"\": \"5%\",\n    \"Years Ended\": \"11.8%\"\n  },\n  {\n    \"\": \"8%\",\n    \"Years Ended\": \"9.7%\"\n  },\n  {\n    \"\": \"5%\",\n    \"Years Ended\": \"12.7%\"\n  },\n  {\n    \"\": \"6%\",\n    \"Years Ended\": \"13.5%\",\n    \"Exchanges\": \"2.8%\"\n  },\n  {\n    \"\": \"9%\",\n    \"Years Ended\": \"10.8%\"\n  },\n  {\n    \"\": \"7%\","
    },
    {
      "id": "414b4ef29d5fb8114a86f0d8a33ddace",
      "question": "What was the research and development expense in 2019?",
      "gold_answer": [
        "6,577"
      ],
      "markdown_table_response": "|  | Year Ended |  |  |  |  |  |  |  |\n| --- | --- | --- | --- | --- | --- | --- |\n|  | July 31, 2019 | July 31, 2018 | July 31, 2017 | Variance in Dollars | Variance in Percent |\n| Research and development | $ 6,577 | $ 6,577 | $6,077 | $6,575 | $6,463 | $6,372 | $6,462 | $6,775 | $6,646 | $6,946 | $6,946 | $6,946 | $6,946 | $6,946 | $6,946 | $6,946 | $6,946 | $6,946 | $6,946 | $6,946 | $6,946 | $6,946 | $6,946 | $6,946 | $6,946 | $6,946 | $6,946 | $6,946 | $6,946 | $6,946 | $6,946 | $6,946 |",
      "csv_string_response": "Variance in Dollars,Variance in Percent\nResearch and Development (\"R&D\"), Sales and marketing, and General and Administrative (\"G&A\") Expenses G&A expenses increased due to higher headcount-related expenses, higher contract costs and lower overtime pay.",
      "json_rows_response": "[\n  {\n    \"\": \"Dollar\",\n    \"G&A\": \"A\",\n    \"Years Ended\": \"5.3%\"\n  },\n  {\n    \"\": \"\",\n    \"Years Ended\": \"3.6%\"\n  },\n  {\n    \"\": \"\",\n    \"Years Ended\": \"2,144\"\n  },\n  {\n    \"\": \"Dollar\",\n    \"G&A\": \"A\",\n    \"Years Ended\": \"5.3%\"\n  },\n  {\n    \"\": \"\",\n    \"Years Ended\": \"6.3%\"\n  },\n  {\n    \"\": \"\",\n    \"Years Ended\": \"1.8%\"\n  },\n  {\n    \"\": \"Dollar\",\n    \"G&A\": \"A\",\n    \"Years Ended\": \"1.7%\"\n  },\n  {\n    \"\": \"Dollar\",\n    \"G&A\": \"A\",\n    \"Years Ended\": \"1.8%\"\n  },\n  {\n    \"\": \"\",\n    \""
    },
    {
      "id": "77ccdc4a2f152ed1708466fec79576fb",
      "question": "What was the sales and marketing expense in 2017?",
      "gold_answer": [
        "9,184"
      ],
      "markdown_table_response": "|  | Years Ended |  |  |  |\n| --- | --- | --- | --- | --- | --- |\n|  | July 28, 2019 | July 29, 2017 | Variance in Dollars | Variance in Percent |\n| Research and development | $ 6,577 | $ 6,058 | $6,059 | $245 | 4% |\n| Percentage of revenue | 11.4% | 11.2% | 11.5% |  |  |\n| General and administrative | 1,827 | 2,144 | 1,993 | (317) | (15)% |\n| Percentage of revenue | 7.6% | 7.7% | 7.9% | 7.8% | 7.9% | 7.9% | 7.0% | 7.0% | 7.0% | 7.5% | 7.1% | 7.0% | 7.3% | 7.3% | 7.4% | 7.7% | 7.7% | 7.7% | 7.8% | 7.8% | 7.0% | 7.6% | 7.1% | 7.4",
      "csv_string_response": "Why was the sales and marketing expense increase?",
      "json_rows_response": "(1)"
    },
    {
      "id": "d2ef385fb6762a435a8c25c3163a94e8",
      "question": "What was the change in the research and development expense between 2017 and 2018?",
      "gold_answer": 273,
      "markdown_table_response": "Who was the research and development expense for the research and development of the research and development of the research and development of the research and development of the research and development of the research and development of the research and development of the research and development of the research and development of the research and development of the research and development of the research and development of the research and development of the research and development of the research and development of the research and development of the research and development of the research and development of the research and development of the research and development of the research and development of the research and development of the research and development of the research and development of the research and development of the research and development of the research and development of the research and development of the research and development of the research and development of the research and development of the research and development of the research and development of the research and development of the research and development of the research and development of the research and development of the research and development of the research and development of the research and development of the research and development of the research and development of the research and development of the research and development of the research and development of the research and development of the research and development of the research and development of the research and development of the research and",
      "csv_string_response": "",
      "json_rows_response": "What is the level of the research and development expense between 2017 and 2018?"
    },
    {
      "id": "41cad27df8a55d8e3200e8238bf41641",
      "question": "How many years did general and administrative expense exceed $2,000 million?",
      "gold_answer": "1",
      "markdown_table_response": "What is the percentage of revenue attributable to the revenue attributable to the total cost of the system?",
      "csv_string_response": "\"The unadjusted calculation for the adjusted price was performed by a comparative study of the entire European Union expenditure. This methodology is based on the general analysis of the total expenditure in the United States and Russia and the results of the U.S. National Bureau of Statistics (NBS). The administrative expense is calculated by the formula:",
      "json_rows_response": "Each year, the following U.S. Department of Agriculture (USDA) will provide annual USDA $6,000,000 to $14,000,000 in annual USDA $8,000,000 in annual USDA $9,000,000 in annual USDA $6,000,000 in annual USDA $8,000,000 in annual USDA $7,000,000 in annual USDA $8,000,000 in annual USDA $9,000,000 in annual USDA $8,000,000 in annual USDA $9,000,000 in annual USDA $8,000,000 in annual USDA $7,000,000 in annual USDA $8,000,000 in annual USDA $9,000,000 in annual USDA $8,000,000 in annual USDA $9,000,000 in annual USDA $8,000,000 in annual USDA $7,000,000 in annual USDA $8,000,000 in annual USDA $9,000,000 in annual USDA $8,000,000 in annual USDA $9,000,000 in annual USDA $7,000,000 in annual"
    },
    {
      "id": "109554b000f2e51b7bbb7d4f85dca24a",
      "question": "What was the percentage change in the total expenses between 2017 and 2018?",
      "gold_answer": 2.8,
      "markdown_table_response": "|  |  |  |  |\n| --- | --- | --- | --- | --- | --- |\n|  | July 27, 2019 | July 28, 2018 | July 29, 2018 | Variance in Dollars | Variance in Percent |\n| Research and development | $ 6,577 | $ 6,071 | $6,068 | $6,068 | $6,068 | $6,068 |\n|  | July 27, 2019 | July 28, 2018 | July 29, 2018 | Variance in Dollars | Variance in Percent |\n| Research and development | $ 6,577 | $ 6,071 | $6,068 | $6,068 | $6,068 |\n|  | July 27, 2019 | July 28, 2018 | July 29, 2018 | Variance in Dollars | Variance in Percent |\n| Research and development | $ 6,577 | $ 6,071 | $6,068 | $6,068 | $6,068 |\n|  | July 27, 2019 | July 28, 2018 | July 29, 2018 | Variance in Dollars | Variance in Percent |\n| Research and development | $ 6,577 | $ 6,071",
      "csv_string_response": "The total increase in revenue from 2017 to 2018 attributable to the continued increase in expenses and related growth in the number of reports in fiscal 2018.",
      "json_rows_response": "[\n  {\n    \"\": \"Variance in Percent\",\n    \"Years Ended\": \"July 28, 2018\"\n  },\n  {\n    \"\": \"1%\",\n    \"Years Ended\": \"12.8%\"\n  },\n  {\n    \"\": \"1%\",\n    \"Years Ended\": \"6.7%\"\n  },\n  {\n    \"\": \"1%\",\n    \"Years Ended\": \"10.8%\"\n  },\n  {\n    \"\": \"2%\",\n    \"Years Ended\": \"11.3%\"\n  },\n  {\n    \"\": \"1%\",\n    \"Years Ended\": \"6.7%\"\n  },\n  {\n    \"\": \"1%\",\n    \"Years Ended\": \"9.3%\"\n  },\n  {\n    \"\": \"1%\",\n    \"Years Ended\": \"10.8%\"\n  },\n  {\n    \"\": \"1%\",\n    \"Years Ended\": \"10.8%\"\n  },\n  {\n    \"\": \"1"
    },
    {
      "id": "d88745f6bcf2e7ab5335def3a0f0df44",
      "question": "What does the table show?",
      "gold_answer": [
        "primary components of the deferred tax assets and liabilities"
      ],
      "markdown_table_response": "|  | November 23, |  |\n| --- | --- | --- | --- |\n|  | 2019 | 2018 |\n| Deferred tax liabilities | $1,043,973 |\n| Deferred revenue | $3,314,133 |\n| Deferred tax liabilities | $1,043,973 |\n| Depreciation and amortization | $2,431,698 |\n| Deferred tax liabilities | $1,041,973 |\n| Deferred revenue | $3,831,826 |\n| Depreciation and amortization | $2,431,698 |\n| Deferred tax liabilities | $2,044,250 |\n| Assets and liabilities | $2,731,746 |\n| Deferred revenue | $4,315,263 |\n| Depreciation and amortization | $2,431,746 |\n| Deferred tax liabilities | $3,075,700 |\n| Depreciation and amortization | $2,5,913,928 |\n| Depreciation and amortization | $2,731,746 |\n| Deferred",
      "csv_string_response": ",\"June 30,\",\n,2019,2018\nDeferred tax assets,,\nNon-capital loss carryforwards,155,417\nUndeducted scientific research and development expenses,\"137,253\",\"123,114\"\nDepreciation and amortization,\"677,777\",\"829,369\"",
      "json_rows_response": "Are the refundable non-retainable interest rate?"
    },
    {
      "id": "107efaa11617ac41f5f9b3b5adf1e98c",
      "question": "What is the total assets as of June 30, 2019?",
      "gold_answer": [
        "948,578"
      ],
      "markdown_table_response": "We have decided to terminate our tax liability agreement to the Board of Directors, which has been closed on September 31, 2019.",
      "csv_string_response": "The number of days that a valuation allowance is required for a valuation allowance is as follows:",
      "json_rows_response": "The final answer is:"
    },
    {
      "id": "607dd25b10e5d14396ef2abda187330d",
      "question": "What are the Fiscal years included in the table?",
      "gold_answer": [
        "2019",
        "2018"
      ],
      "markdown_table_response": "|  | March 28, 2020 |\n| --- | --- | --- |\n|   | 2018 |\n| Deferred tax liabilities | $161,119 | $129,436 |\n| Deferred revenue | $1,112,987 | $1,219,725 |\n| Deferred tax liabilities | $161,119 | $129,436 |\n| Deferred taxation assets | $1,112,987 | $1,219,725 |\n| Deferred tax liabilities | $1,112,987 | $1,219,725 |\n| Deferred tax liabilities | $1,112,987 | $1,219,725 |\n| Deferred revenue | $1,112,987 | $1,219,725 |\n| Deferred revenue | $1,112,987 | $1,219,725 |\n| Deferred revenue | $1,112,987 | $1,219,725 |\n| Deferred revenue | $1,112,987 | $1,219,725 |\n| Deferred tax liabilities | $1,112,987 | $1,219,725 |\n| Deferred revenue | $1,112,987 | $1,",
      "csv_string_response": "",
      "json_rows_response": "\"To date, no information was available for the taxpayer in this table. Please report these fiscal years to the Commissioner and the Commissioner to the appropriate fiscal intermediary of the following institutions and institutions:\n- The Commissioner's Office, Office of the Commissioner, Office of the Commissioner, Office of the Commissioner, Office of the Commissioner, Office of the Commissioner, Office of the Commissioner, Office of the Commissioner, Office of the Commissioner, Office of the Commissioner, Office of the Commissioner, Office of the Commissioner, Office of the Commissioner, Office of the Commissioner, Office of the Commissioner, Office of the Commissioner, Office of the Commissioner, Office of the Commissioner, Office of the Commissioner, Office of the Commissioner, Office of the Commissioner, Office of the Commissioner, Office of the Commissioner, Office of the Commissioner, Office of the Commissioner, Office of the Commissioner, Office of the Commissioner, Office of the Commissioner, Office of the Commissioner, Office of the Commissioner, Office of the Commissioner, Office of the Commissioner, Office of the Commissioner, Office of the Commissioner, Office of the Commissioner, Office of the Commissioner, Office of the Commissioner, Office of the Commissioner, Office of the Commissioner, Office of the Commissioner, Office of the Commissioner, Office of the Commissioner, Office of the Commissioner,"
    },
    {
      "id": "91add58b02eb761d380b13df7a61401a",
      "question": "What is the average annual total assets for both Fiscal years?",
      "gold_answer": 995684.5,
      "markdown_table_response": "We have a list of all the assets that an individual would use to make the request for a valuation allowance.",
      "csv_string_response": "The total assets for the Fiscal year, according to the following table, are $161,712,657,335,335,328,319,176,215,526,672,426,286,312,682,500,844,309,938,980,100,754,827,680,503,518,602,736,284,688,922,829,326,935,794,979,987,926,827,607,649,707,799,550,968,986,984,973,919,985,826,949,922,968,958,824,965,935,985,936,978,948,902,835,968,974,996,992,984,929,983,983,946,946,949,973,967,977,928,826,893,981,978,985,986,938,931,933,935,938,943,944,946",
      "json_rows_response": "[\n  {\n    \"\": \"2018\",\n    \"June 30,\": \"2018\"\n  },\n  {\n    \"\": \"2018\",\n    \"June 30,\": \"18,741\"\n  },\n  {\n    \"\": \"2018\",\n    \"June 30,\": \"18,741\"\n  },\n  {\n    \"\": \"2018\",\n    \"June 30,\": \"18,741\"\n  },\n  {\n    \"\": \"2018\",\n    \"June 30,\": \"18,741\"\n  },\n  {\n    \"\": \"2018\",\n    \"June 30,\": \"18,741\"\n  },\n  {\n    \"\": \"2018\",\n    \"June 30,\": \"18,741\"\n  },\n  {\n    \"\": \"2018\",\n    \"June 30,\": \"18,741\"\n  },\n  {\n    \"\": \"2018\",\n    \"June 30,\": \"18,741\"\n  },\n  {\n    \"\": \"2018\",\n    \"June 30,\": \"18,741\""
    },
    {
      "id": "c10a228df13517c3f2312d1b281822f2",
      "question": "What is the percentage change of total assets from fiscal year 2018 to 2019?",
      "gold_answer": -9.03,
      "markdown_table_response": "|  | 15,604 |  |\n| --- | 3,350 |  |\n| 1,209 |  |  |\n| 1,024 |  |  |\n| 1,245 |  |  |\n| 1,341 |  |  |\n| 1,010 |  |  |\n| 1,145 |  |  |\n| 1,141 |  |  |\n| 1,146 |  |  |\n| 1,178 |  |  |\n| 1,223 |  |  |\n| 1,188 |  |  |\n| 1,215 |  |  |\n| 1,225 |  |  |\n| 1,218 |  |  |\n| 1,260 |  |  |\n| 1,238 |  |  |\n| 1,226 |  |  |\n| 1,223 |  |  |\n| 1,225 |  |  |\n| 1,226 |  |  |\n| 1,263 |  |  |\n| 1,283 |  |  |\n| 1,305 |  |  |\n| 1,297 |",
      "csv_string_response": "Do we think there is some uncertainty about the financial outcome of the deferred tax assets, but do we think there is some uncertainty about the financial outcome of the deferred tax assets?",
      "json_rows_response": "[\n  {\n    \"\": \"2018\",\n    \"June 30,\": \"829,657\"\n  },\n  {\n    \"\": \"919,458\"\n    \"June 30,\": \"917,458\"\n  },\n  {\n    \"\": \"18,807,784\",\n    \"June 30,\": \"883,970\"\n  },\n  {\n    \"\": \"2,799,941\",\n    \"June 30,\": \"917,941\"\n  },\n  {\n    \"\": \"1,869,941\",\n    \"June 30,\": \"917,941\"\n  },\n  {\n    \"\": \"1,799,941\",\n    \"June 30,\": \"917,941\"\n  },\n  {\n    \"\": \"2,799,941\",\n    \"June 30,\": \"917,941\"\n  },\n  {\n    \"\": \"3,941,941\",\n    \"June 30,\": \"917,941\"\n  },\n  {"
    },
    {
      "id": "4de9657dd64c1dc1537eae71320fd4b8",
      "question": "What is the difference between the Restructuring costs and other reserves in fiscal year 2019 and 2018?",
      "gold_answer": 643,
      "markdown_table_response": "Is the government responsible for managing the tax liabilities in the future?",
      "csv_string_response": "Our final answer is the following:",
      "json_rows_response": "The final answer is that, under the assumptions of Section 6, the government expects that the elements of the tax liability for the tax year will be"
    },
    {
      "id": "88e9d40c09cf22303104880ce94bccce",
      "question": "What costs are associated under capital expenditure?",
      "gold_answer": [
        "associated with acquiring property, plant and equipment and placing it into service"
      ],
      "markdown_table_response": "What is the cost of the capital expenditure?",
      "csv_string_response": "\"What cost is the difference between our assets and our customers?\"\n\"Our customers are the majority of our assets. Our customers are the majority of the capital expenditures. Our customers are the majority of the capital expenditures. Our customers are the majority of the capital expenditures. Our customers are the majority of the capital expenditures. Our customers are the majority of the capital expenditures. Our customers are the majority of our customers. Our customers are the majority of the capital expenditures. Our customers are the majority of the capital expenditures. Our customers are the majority of the capital expenditures. Our customers are the majority of the capital expenditures. Our customers are the majority of the capital expenditures. Our customers are the majority of the capital expenditures. Our customers are the majority of the capital expenditures. Our customers are the majority of the capital expenditures. Our customers are the majority of the capital expenditures. Our customers are the majority of the capital expenditures. Our customers are the majority of the capital expenditures. Our customers are the majority of the capital expenditures. Our customers are the majority of the capital expenditures. Our customers are the majority of the capital expenditures. Our customers are the majority of the capital expenditures. Our customers are the majority of the capital expenditures. Our customers are the majority of the capital expenditures. Our customers are",
      "json_rows_response": "[\n  {\n    \"Costs\": {\n      \"1\": \"1 pts. 1.7 pts. 2.7 pts. 3.3 pts. 4.2 pts. 5.4 pts. 6.8 pts. 7.1 pts. 8.2 pts. 9.3 pts. 10.4 pts. 11.6 pts. 12.7 pts. 13.8 pts. 14.8 pts. 15.8 pts. 16.8 pts. 17.6 pts. 18.1 pts. 19.3 pts. 20.2 pts. 21.4 pts. 22.4 pts. 23.5 pts. 24.6 pts. 25.3 pts. 26.7 pts. 27.5 pts. 28.8 pts. 29.8 pts. 30.7 pts. 31.7 pts. 32.2 pts. 33.6 pts. 34.2 pts. 35.7 pts. 36.6 pts. 37.7 pts. 38.7 pts. 39.6 pts. 40"
    },
    {
      "id": "43c792d0803c8cd37130be5e06db5ebc",
      "question": "What caused the increase in capital expenditures related to wireless?",
      "gold_answer": [
        "result of investments made to upgrade our wireless network to continue delivering reliable performance for our customers."
      ],
      "markdown_table_response": "What caused the increase in capital expenditures related to the mobile market?",
      "csv_string_response": "\"As we discussed earlier, the Government wants to increase the telecommunications sector in the near future. We are considering increasing the telecommunications sector to have more wireless broadband services and our local broadband provider broadband service providers and have more wireless broadband services in the near future. We are looking at a reduction in the cost of broadband services in the near future.\"",
      "json_rows_response": "[\n  {\n    \"$1,217,9.31 in 4.9G.1\"\n  },\n  {\n    \"$1,217,9.31 in 4.9G.1\"\n  },\n  {\n    \"$1,217,9.31 in 4.9G.1\"\n  },\n  {\n    \"$1,217,9.31 in 4.9G.1\"\n  },\n  {\n    \"$1,217,9.31 in 4.9G.1\"\n  },\n  {\n    \"$1,217,9.31 in 4.9G.1\"\n  },\n  {\n    \"$1,217,9.31 in 4.9G.1\"\n  },\n  {\n    \"$1,217,9.31 in 4.9G.1\"\n  },\n  {\n    \"$1,217,9.31 in 4.9G.1\"\n  },\n  {\n    \"$1,217,9.31 in 4.9G.1\"\n  },\n  {"
    },
    {
      "id": "8251e63e0583f439d05c2837e1cf9cc1",
      "question": "What caused the decrease in capital expenditure in cable in 2019?",
      "gold_answer": [
        "result of lower purchases of customer premise equipment and lower investments related to the initial launch of Ignite TV."
      ],
      "markdown_table_response": "| (In millions of dollars) | Years ended December 31 |  |  |  |\n| --- | --- | --- | --- |\n|  | 2019 | 2018 | %Chg |\n| Capital expenditures 1 |  |  |  |\n| Wireless | 1,320 | 1,086 | 22 |\n| Cable | 1,153 | 1,429 | (19) |\n| Media | 102 | 90 | 13 |\n| Corporate | 232 | 185 | 25 |\n| Cable | 1,153 | 1,429 | (19) |\n| Media | 102 | 90 | 13 |\n| Private Sector | 1,153 | 1,429 | (19) |\n| Cable | 1,153 | 1,429 | (19) |\n| Media | 101 | 90 | 13 |\n| Private Sector | 1,153 | 1,429 | (19) |\n| Cable | 1,153 | 1,429 | (19) |\n| Media | 102 | 90 | 13 |\n| Private Sector | 1,153 | 1,429 | (19) |\n| Cable | 1,153 | 1,429 | (19) |\n| Private Sector | 1,153",
      "csv_string_response": "\"We are here to provide an answer to your question on which we need to correct any deficiency in the transaction by using the following. We have a new buyer in our portfolio and we have a new buyer in our portfolio. We would like to thank our developers for their support and technical support.\"",
      "json_rows_response": "How does it impact the profitability of the mobile telecommunications network?"
    },
    {
      "id": "cac10d43fde9e07342fa7144876e77e7",
      "question": "What was the increase / (decrease) in wireless capital expenditure from 2018 to 2019?",
      "gold_answer": 234,
      "markdown_table_response": "What is the increase / (decrease) in wireless capital expenditure from 2018 to 2019?",
      "csv_string_response": "\"We have approved a new version of the International Broadband Partnership (IBP) for the acquisition of the broadband network (BNR) for the new millennium. The broadband network is a business that offers a lot of broadband broadband broadband broadband broadband broadband broadband broadband broadband broadband broadband broadband broadband broadband broadband broadband broadband broadband broadband broadband broadband broadband broadband broadband broadband broadband broadband broadband broadband broadband broadband broadband broadband broadband broadband broadband broadband broadband broadband broadband broadband broadband broadband broadband broadband broadband broadband broadband broadband broadband broadband broadband broadband broadband broadband broadband broadband broadband broadband broadband broadband broadband broadband broadband broadband broadband broadband broadband broadband broadband broadband broadband broadband broadband broadband broadband broadband broadband broadband broadband broadband broadband broadband broadband broadband broadband broadband broadband broadband broadband broadband broadband broadband broadband broadband broadband broadband broadband broadband broadband broadband broadband broadband broadband broadband broadband broadband broadband broadband broadband broadband broadband broadband broadband broadband broadband broadband broadband broadband broadband broadband broadband broadband broadband broadband broadband broadband broadband broadband broadband broadband broadband broadband broadband broadband broadband broadband broadband broadband broadband broadband broadband broadband broadband broadband broadband broadband broadband broadband broadband broadband broadband broadband broadband broadband broadband broadband broadband broadband broadband broadband broadband broadband broadband broadband broadband broadband broadband broadband broadband broadband broadband broadband broadband broadband broadband broadband broadband broadband broadband broadband broadband broadband broadband broadband broadband broadband broadband broadband broadband broadband broadband broadband broadband broadband broadband broadband broadband broadband broadband broadband broadband broadband broadband broadband broadband broadband broadband broadband broadband broadband broadband",
      "json_rows_response": "What was the increase in capital expenditures in Wireless?"
    },
    {
      "id": "d9b81db920283c307bd37d6000baafcb",
      "question": "What was the average cable expenditure?",
      "gold_answer": 1291,
      "markdown_table_response": "| (In millions of dollars, except capital intensity) | Years ended December 31 |  |  |\n| --- | --- | --- | --- | --- |\n|  | 2018 | 2019 | %Chg |\n| Capital expenditures 1 |  |  |  |\n| Wireless | 1,320 | 1,086 | 22 |\n| Cable | 1,153 | 1,429 | (19) |\n| Media | 102 | 90 | 13 |\n| Corporate | 232 | 185 | 25 |\n| Capital expenditures 2 |  |  |  |\n| Wireless | 1,320 | 1,086 | 22 |\n| Cable | 1,153 | 1,429 | (19) |\n| Media | 102 | 90 | 13 |\n| Corporate | 232 | 185 | 25 |\n| Capital expenditures 1 | 2,807 | 2,790 | 1 |\n| Capital intensity 3 | 18.6% | 18.5% | 0.4 pts |\n| Cable | 1,153 | 1,429 | (19) |\n| Media | 102 | 90 | 13 |\n| Corporate | 232 | 185 | 25 |\n| Capital expenditures 2 |  |  |  |",
      "csv_string_response": "\"4.0 - 50.0\"",
      "json_rows_response": "*What is the average cable expenditure?"
    },
    {
      "id": "b3f09952dc5e77da6253497100ff5389",
      "question": "What was the percentage increase / (decrease) in capital expenditure from 2018 to 2019?",
      "gold_answer": 0.61,
      "markdown_table_response": "Does the increase in capital expenditure in Cable this year mean that revenues from the sale of our IRTOS mobile broadband service and the sale of our services are still relatively low?",
      "csv_string_response": "\"2015-12-31\" •\n\"2015-12-31\" •\n\"2015-12-31\" •\n\"2015-12-31\" •\n\"2015-12-31\" •\n\"2015-12-31\" •\n\"2015-12-31\" •\n\"2015-12-31\" •\n\"2015-12-31\" •\n\"2015-12-31\" •\n\"2015-12-31\" •\n\"2015-12-31\" •\n\"2015-12-31\" •\n\"2015-12-31\" •\n\"2015-12-31\" •\n\"2015-12-31\" •\n\"2015-12-31\" •\n\"2015-12-31\" •\n\"2015-12-31\" •\n\"2015-12-31\" •\n\"2015-12-31\" •\n\"2015-12-31\" •\n\"2015-12-31\" •\n\"2015-12-31\" •\n\"2015-12-31\" •\n\"2015-12-31\" •\n\"2015-12-31\" •\n\"2015-12-31\" •\n\"2015-12",
      "json_rows_response": "A:"
    },
    {
      "id": "1eefb8a6e023d742f3afec9d7fe47974",
      "question": "Why have RSUs been omitted when calculating diluted earnings per share for 2018 and 2017?",
      "gold_answer": [
        "RSUs have been omitted as they are out-of-the-money and thus anti-dilutive"
      ],
      "markdown_table_response": "Why have RSUs been omitted when calculating diluted earnings per share for 2018 and 2017?",
      "csv_string_response": ",2018,2018,2017\nEARNINGS PER SHARE ,,\nNet profit/(loss) for the year (USDm),166.0,-34.8,2.4\nMillion shares,,,\nWeighted average number of shares outstanding,166.0,-34.8,2.4\nMillion shares,,,\nWeighted average number of treasury shares,-0.3,-0.3,-0.3\nWeighted average number of treasury shares,-0.3,-0.3,-0.3\nWeighted average number of treasury shares,-0.3,-0.3,-0.3\nWeighted average number of treasury shares,-0.3,-0.3,-0.3\nWeighted average number of treasury shares,-0.3,-0.3,-0.3\nWeighted average number of treasury shares,-0.3,-0.3,-0.3\nWeighted average number of treasury shares,-0.3,-0.3,-0.3\nWeighted average number of treasury shares,-0.3,-0.3,-0.3\nWeighted average number of treasury shares,-0.3,-0.3",
      "json_rows_response": "[\n  {\n    \"\": \"EARNINGS PER SHARE\",\n    \"2019\": \"\",\n    \"2018\": \"\",\n    \"2017\": \"\",\n    \"2017\": \"\",\n    \"2017\": \"2.4\"\n  },\n  {\n    \"\": \"EARNINGS PER SHARE\",\n    \"2019\": \"\",\n    \"2018\": \"\",\n    \"2017\": \"\",\n    \"2017\": \"2.6\"\n  },\n  {\n    \"\": \"EARNINGS PER SHARE\",\n    \"2019\": \"\",\n    \"2018\": \"\",\n    \"2017\": \"\",\n    \"2017\": \"2.6\"\n  },\n  {\n    \"\": \"EARNINGS PER SHARE\",\n    \"2019\": \"\",\n    \"2018\": \"\",\n    \"2017\": \"\",\n    \"2017\": \"2.4\"\n  },\n  {\n    \"\": \"EARNINGS PER SHARE\",\n    \"2019\": \"\",\n    \"2018\": \"\",\n    \"2017\": \"\",\n    \"2017\": \"2.6\"\n  },\n  {\n    \"\": \"EARNINGS PER SHARE\",\n    \"2019"
    },
    {
      "id": "09310d9e9059dc5a998344ed5b321da5",
      "question": "What information does note 3 provide?",
      "gold_answer": [
        "information on the RSU share options"
      ],
      "markdown_table_response": "|  |  | 2019 |\n| --- | --- | --- | --- | --- |\n| EARNINGS PER SHARE |  |  |  |  |\n| Net profit/(loss) for the year (USDm) | 167.4 | -34.4 | 2.2 |\n| Million shares |  |  |  |  |\n| Weighted average number of shares outstanding |  |  |  |\n| Weighted average number of shares outstanding |  |  |  |\n| Weighted average number of shares outstanding |  |  |  |\n| Weighted average number of shares outstanding |  |  |  |\n| Weighted average number of shares outstanding |  |  |  |\n| Weighted average number of shares outstanding |  |  |  |\n| Weighted average number of shares outstanding |  |  |  |\n| Weighted average number of shares outstanding |  |  |  |\n| Weighted average number of shares outstanding |  |  |  |\n| Weighted average number of shares outstanding |  |  |  |\n| Weighted average number of shares outstanding |  |  |  |\n| Weight",
      "csv_string_response": "Click here for additional details.",
      "json_rows_response": "{\n    \"\": \"EARNINGS PER SHARE\",\n    \"2019\": \"\",\n    \"2018\": \"\",\n    \"2017\": \"\",\n    \"2017\": \"\"\n  },\n  {\n    \"\": \"EARNINGS PER SHARE\",\n    \"2019\": \"\",\n    \"2018\": \"\",\n    \"2017\": \"\",\n    \"2018\": \"\"\n  },\n  {\n    \"\": \"EARNINGS PER SHARE\",\n    \"2019\": \"\",\n    \"2018\": \"\",\n    \"2017\": \"\",\n    \"2018\": \"\"\n  },\n  {\n    \"\": \"Weighted average number of shares outstanding\",\n    \"2019\": \"\",\n    \"2018\": \"\",\n    \"2017\": \"\",\n    \"2018\": \"\"\n  },\n  {\n    \"\": \"EARNINGS PER SHARE\",\n    \"2019\": \"\",\n    \"2018\": \"\",\n    \"2017\": \"\"\n  },\n  {\n    \"\": \"Weighted average number of shares outstanding\",\n    \"2019\": \"\",\n    \"2018\": \"\",\n    \"2017\": \"\",\n    \"2018\": \"\"\n  },\n  {\n    \"\": \"Weight"
    },
    {
      "id": "4b3da5e65da1ec752806e0f145a93544",
      "question": "What are the types of earnings/(loss) per share provided in the table?",
      "gold_answer": [
        "Basic earnings/(loss) per share (USD)",
        "Diluted earnings/(loss) per share (USD)"
      ],
      "markdown_table_response": "What is the type of earnings (loss) per share provided in the table?",
      "csv_string_response": "What is the reported share price per share (U.S.S.) of the year?",
      "json_rows_response": "[\n  {\n    \"\": \"EARNINGS PER SHARE\",\n    \"2019\": \"\",\n    \"2018\": \"\",\n    \"2018\": \"\",\n    \"2017\": \"\",\n    \"2017\": \"\"\n  },\n  {\n    \"\": \"EARNINGS PER SHARE\",\n    \"2019\": \"\",\n    \"2018\": \"\",\n    \"2018\": \"\",\n    \"2017\": \"\",\n    \"2017\": \"\"\n  },\n  {\n    \"\": \"EARNINGS PER SHARE\",\n    \"2019\": \"\",\n    \"2018\": \"\",\n    \"2017\": \"\",\n    \"2017\": \"\"\n  },\n  {\n    \"\": \"EARNINGS PER SHARE\",\n    \"2019\": \"\",\n    \"2018\": \"\",\n    \"2018\": \"\",\n    \"2017\": \"\",\n    \"2017\": \"\"\n  },\n  {\n    \"\": \"EARNINGS PER SHARE\",\n    \"2019\": \"\",\n    \"2018\": \"\",\n    \"2018\": \"\",\n    \"2017\": \"\",\n    \"2017\": \"\"\n  },\n  {\n    \"\": \"EARNINGS PER SHARE\",\n    \"2019\": \"\","
    },
    {
      "id": "c1b603a70e0ae7c693dd5ee6faae8185",
      "question": "In which year was the weighted average number of shares largest?",
      "gold_answer": [
        "2019"
      ],
      "markdown_table_response": "|  | 2019 | 2019 | 2017 |\n| --- | --- | --- | --- |\n| EARNINGS PER SHARE |  |  |  |\n| Net profit/(loss) for the year (USDm) | 166.0 | -34.8 | 2.3 |\n| Million shares |  |  |  |\n| Weighted average number of shares outstanding | 174.4 | -34.4 | 2.4 |\n| Weighted average number of treasury shares | -0.3 | -0.3 | -0.3 |\n| Weighted average number of shares outstanding | 173.7 | -34.8 | 2.4 |\n| Weighted average number of shares outstanding | 173.7 | -34.7 | 2.4 |\n| Weighted average number of shares outstanding | 173.4 | -34.4 | 2.4 |\n| Weighted average number of shares outstanding | -0.3 | -0.3 | -0.3 |\n| Weighted average number of shares outstanding | 173.9 | -34.8 | 2.3 |\n| Weighted average number of shares outstanding | -0.3 | -0",
      "csv_string_response": "1.   **All participants indicate that they have no known potential**",
      "json_rows_response": "[\n  {\n    \"\": \"EARNINGS PER SHARE\",\n    \"2019\": \"\",\n    \"2018\": \"\",\n    \"2017\": \"\",\n    \"2017\": \"\"\n  },\n  {\n    \"\": \"Weighted average number of shares outstanding\",\n    \"2019\": \"\",\n    \"2018\": \"\",\n    \"2018\": \"\",\n    \"2017\": \"\",\n    \"2017\": \"\"\n  },\n  {\n    \"\": \"Weighted average number of shares outstanding\",\n    \"2019\": \"\",\n    \"2018\": \"\",\n    \"2018\": \"\",\n    \"2017\": \"\",\n    \"2017\": \"\"\n  },\n  {\n    \"\": \"Weighted average number of shares outstanding\",\n    \"2019\": \"\",\n    \"2018\": \"\",\n    \"2018\": \"\",\n    \"2017\": \"2.4\",\n    \"2017\": \"0.48\",\n    \"2017\": \"0.04\"\n  }\n]"
    },
    {
      "id": "30971c97bde0b00c35bc356eac854635",
      "question": "What was the change in the Weighted average number of shares outstanding incl. dilutive effect of share options from 2018 to 2019?",
      "gold_answer": 0.9,
      "markdown_table_response": "Table Data",
      "csv_string_response": ",2019,2018,2017\nEARNINGS PER SHARE,,,\nNet profit/(loss) for the year (USDm),166.0,-34.8,2.4\nMillion shares,,,\nWeighted average number of shares outstanding,166.0,-34.8,2.4\nMillion shares,,,\nWeighted average number of shares outstanding,166.0,-34.8,2.4\nWeighted average number of treasury shares,-0.3,-0.3,-0.3\nWeighted average number of treasury shares,-0.3,-0.3,-0.3\nWeighted average number of treasury shares,-0.3,-0.3,-0.3\nWeighted average number of treasury shares,-0.3,-0.3,-0.3\nWeighted average number of treasury shares,-0.3,-0.3,-0.3\nWeighted average number of treasury shares,-0.3,-0.3,-0.3\nWeighted average number of treasury shares,-0.3,-0.3,-0.3\nWeighted average number of treasury shares,-0.3,-0.3,-",
      "json_rows_response": "[\n  {\n    \"\": \"EARNINGS PER SHARE\",\n    \"2019\": \"\",\n    \"2018\": \"\",\n    \"2017\": \"\",\n    \"2017\": \"\"\n  },\n  {\n    \"\": \"EARNINGS PER SHARE\",\n    \"2019\": \"\",\n    \"2018\": \"\",\n    \"2017\": \"\"\n  },\n  {\n    \"\": \"EARNINGS PER SHARE\",\n    \"2019\": \"\",\n    \"2018\": \"\",\n    \"2017\": \"\"\n  },\n  {\n    \"\": \"EARNINGS PER SHARE\",\n    \"2019\": \"\",\n    \"2018\": \"\",\n    \"2017\": \"\"\n  },\n  {\n    \"\": \"EARNINGS PER SHARE\",\n    \"2019\": \"\",\n    \"2018\": \"\",\n    \"2017\": \"\"\n  },\n  {\n    \"\": \"EARNINGS PER SHARE\",\n    \"2019\": \"\",\n    \"2018\": \"\",\n    \"2017\": \"\"\n  },\n  {\n    \"\": \"EARNINGS PER SHARE\",\n    \"2019\": \"\",\n    \"2018\": \"\",\n    \"2017\": \"\""
    },
    {
      "id": "4ff6daa82c801aec0ba99bc66c830bc6",
      "question": "What was the percentage change in the Weighted average number of shares outstanding incl. dilutive effect of share options from 2018 to 2019?",
      "gold_answer": 1.23,
      "markdown_table_response": "|  | 2019 | 2018 | 2017 |\n| --- | --- | --- | --- |\n| EARNINGS PER SHARE |  |  |  |\n| Net profit/(loss) for the year (USDm) | 166.0 | -34.8 | 2.4 |\n| Net profit/(loss) for the year (USDm) | 165.0 | -34.8 | 2.4 |\n| Net profit/(loss) for the year (USDm) | 167.0 | -34.8 | 2.4 |\n| EARNINGS PER SHARE |  |  |  |\n| Net profit/(loss) for the year (USDm) | 166.0 | -34.8 | 2.4 |\n| EARNINGS PER SHARE |  |  |  |\n| Net profit/(loss) for the year (USDm) | 166.0 | -34.8 | 2.4 |\n| EARNINGS PER SHARE |  |  |  |\n| Net profit/(loss) for the year (USDm) | 166.0 | -34.8 | 2.4 |\n| Net profit/(loss) for the",
      "csv_string_response": "The RSUs are listed as a binary variable in the table.",
      "json_rows_response": "[\n  {\n    \"\": \"EARNINGS PER SHARE\",\n    \"2019\": \"\",\n    \"2018\": \"\",\n    \"2017\": \"2.4\"\n  },\n  {\n    \"\": \"Weighted average number of shares outstanding\",\n    \"2019\": \"74.3\",\n    \"2018\": \"73.4\",\n    \"2017\": \"2.8\"\n  },\n  {\n    \"\": \"Weighted average number of shares outstanding\",\n    \"2019\": \"2.0\",\n    \"2018\": \"-0.8\",\n    \"2017\": \"-0.4\",\n    \"2017\": \"0.05\",\n    \"2017\": \"-0.4\",\n    \"2017\": \"-0.1\",\n    \"2017\": \"-0.1\",\n    \"2017\": \"-0.1\",\n    \"2017\": \"-0.1\",\n    \"2017\": \"-0.1\",\n    \"2017\": \"-0.1\",\n    \"2017\": \"-0.1\",\n    \"2017\": \"-0.2\",\n    \"2017\": \"-0.2\",\n    \"2017\": \"-0.2\","
    },
    {
      "id": "be7455024560f1e4fa6eea9d7d9f043f",
      "question": "Which periods are state income tax returns subject to examination?",
      "gold_answer": [
        "2015 through 2019 tax years."
      ],
      "markdown_table_response": "|  | Year Ended December 31, |  |\n| --- | --- | --- | --- |\n|  | 2019 | 2018 | 2018 |\n| Balance at January 1 | $1,402 | $276 |\n| Increases for tax positions related to the current year | — | 131 | 995 |\n| Decreases for tax positions related to the current year | — | 131 | 995 |\n| Decreases for tax positions related to the current year | — | 131 | 995 |\n| Decreases for tax positions related to the current year | — | 131 | 995 |\n| Decreases for tax positions related to the current year | — | 131 | 995 |",
      "csv_string_response": "Yes, a period of state income tax returns is computed on the following dates:",
      "json_rows_response": "At this time, a decision is made to determine the base amount of tax liability in the United Kingdom.\nThe final question asks if the final answer is true, and if the final answer is true, the final answer is false."
    },
    {
      "id": "494513cc45af080b70baeba21591262e",
      "question": "What do the provisions for uncertain tax positions relate to?",
      "gold_answer": [
        "business in territories outside of the US"
      ],
      "markdown_table_response": "What do the provisions for uncertain tax positions relate to?",
      "csv_string_response": "The Company must use the information provided in the table and the accompanying text paragraphs.",
      "json_rows_response": "Let us know if the Company is correct or not."
    },
    {
      "id": "9d2db9cd4e40f348ec38bf90eeac3d80",
      "question": "What does the company classify interest and penalties on uncertain tax positions as?",
      "gold_answer": [
        "a component of tax expense."
      ],
      "markdown_table_response": "A total of 12 questions can be answered in a previous answer.",
      "csv_string_response": ", .",
      "json_rows_response": "Question is the related question, and is the answer to the following question:\nQuestion:\nQuestion:\nQuestion:\nQuestion:\nQuestion:\nQuestion:\nQuestion:\nQuestion:\nQuestion:\nQuestion:\nQuestion:\nQuestion:\nQuestion:\nQuestion:\nQuestion:\nQuestion:\nQuestion:\nQuestion:\nQuestion:\nQuestion:\nQuestion:\nQuestion:\nQuestion:\nQuestion:\nQuestion:\nQuestion:\nQuestion:\nQuestion:\nQuestion:\nQuestion:\nQuestion:\nQuestion:\nQuestion:\nQuestion:\nQuestion:\nQuestion:\nQuestion:\nQuestion:\nQuestion:\nQuestion:\nQuestion:\nQuestion:\nQuestion:\nQuestion:\nQuestion:\nQuestion:\nQuestion:\nQuestion:\nQuestion:\nQuestion:\nQuestion:\nQuestion:\nQuestion:\nQuestion:\nQuestion:\nQuestion:\nQuestion:\nQuestion:\nQuestion:\nQuestion:\nQuestion:\nQuestion:\nQuestion:\nQuestion:\nQuestion:\nQuestion:\nQuestion:\nQuestion:\nQuestion:\nQuestion:\nQuestion:\nQuestion:\nQuestion:\nQuestion:\nQuestion:\nQuestion:\nQuestion:\nQuestion:\nQuestion:\nQuestion:"
    },
    {
      "id": "42075d922a58203ffec3da68c9a18470",
      "question": "What is the change in balance between 2018 and 2019 at January 1?",
      "gold_answer": 131,
      "markdown_table_response": "What is the change in balance between 2018 and 2019 from January 1 to January 1?",
      "csv_string_response": ",,\"2015,2017,2018,2016,2018,2017,2018,2018,2018,2018,2018,2018,2018,2018,2018,2018,2018,2018,2018,2018,2018,2018,2018,2018,2018,2018,2018,2018,2018,2018,2018,2018,2018,2018,2018,2018,2018,2018,2018,2018,2018,2018,2018,2018,2018,2018,2018,2018,2018,2018,2018,2018,2018,2018,2018,2018,2018,2018,2018,2018,2018,2018,2018,2018,2018,2018,2018,2018,2018,2018,2018,2018,2018,2018,2018,2018,2018,2018,2018,2018,2018,2018,2018,2018,2018,2018,2018,2018,2018,2018,2018,2018,2018,2018,2018,2018,2018,2018,2018,2018,2018,2018,2018,2018,2018,2018,2018,2018,2018,2018,2018,2018,2018,2018,2018,2018,2018,2018,2018,2018,2018,2018,2018,2018,2018,2018,2018,",
      "json_rows_response": "What is the same as the month of December 31, 2017?"
    },
    {
      "id": "98251769ea613235ffdac57a28787fc8",
      "question": "What is the change in balance between 2017 and 2018 at January 1?",
      "gold_answer": 995,
      "markdown_table_response": "What is the change in balance between the year end end of year 2013, or the year ended January 31, 2018?",
      "csv_string_response": ",\n,\n,\n,\n,\n,\n,\n,\n,\n,\n,\n,\n,\n,\n,\n,\n,\n,\n,\n,\n,\n,\n,\n,\n,\n,\n,\n,\n,\n,\n,\n,\n,\n,\n,\n,\n,\n,\n,\n,\n,\n,\n,\n,\n,\n,\n,\n,\n,\n,\n,\n,\n,\n,\n,\n,\n,\n,\n,\n,\n,\n,\n,\n,\n,\n,\n,\n,\n,\n,\n,\n,\n,\n,\n,\n,\n,\n,\n,\n,\n,\n,\n,\n,\n,\n,\n,\n,\n,\n,\n,\n,\n,\n,\n,\n,\n,\n,\n,\n,\n,\n,\n,\n,\n,\n,\n,\n,\n,\n,\n,\n,\n,\n,\n,\n,\n,\n,\n,\n,\n,\n,\n,\n,\n,\n,\n,\n,",
      "json_rows_response": "The final answer is the same for all of the 2017 and 2019 tax years."
    },
    {
      "id": "4665efb69ad44f699b35aaad22a59229",
      "question": "What is the percentage change in balance at January 1 and December 31 in 2017?",
      "gold_answer": 360.51,
      "markdown_table_response": "If a user answers a question, it is a different question from the preceding question.\nThe answer is in the form of a random answer. The question can be answered with a chance of being answered by the other answer.",
      "csv_string_response": "In order to ascertain the change in balance, the Company is required to disclose, report, and determine the changes in balance, the Company’s balance sheet, and the tax-related tax liabilities.",
      "json_rows_response": "Question 1: Let the Company continue to be the first corporation of the United Kingdom to obtain tax payments in the United States (U.S.) at any time, for a period of time in the year 2017. This amount will be a percentage of the unpaid tax liabilities of the United States."
    },
    {
      "id": "0a93be286b8406c4ffb1c0e0053afd7d",
      "question": "What do the figures in the table exclude?",
      "gold_answer": [
        "the acquisition of Thermocoax"
      ],
      "markdown_table_response": "| Remuneration key performance indicator | 2019 actual | 2019 maximum | 2019 target | 2019 maximum | 2019 maximum |\n| --- | --- | --- | --- | --- |\n| Group operating profit (£m) | 279.1 | 256.7 | 270.3 | 283.8 | Annual Incentive Plan |\n| Group cash generation (£m) | 279.6 | 285.5 | 299.2 | Annual Incentive Plan |\n| Group cash generation (£m) | 279.1 | 261.0 | 285.0 | Annual Incentive Plan |\n| Group cash generation (£m) | 290.3 | 272.5 | Annual Incentive Plan |\n| Group cash generation (£m) | 291.0 | 270.1 | 285.2 | Annual Incentive Plan |\n| Group cash generation (£m) | 291.0 | 270.1 | 285.1 | Annual Incentive Plan |\n| Group cash generation (£m) | 291.6 | 279.2 | Annual Incentive Plan |\n| Group cash generation (£m) | 291.0 | 270.3 | 285.9 | Annual Incentive Plan |\n| Group cash generation (£m) |",
      "csv_string_response": "What do the figures in the table exclude?",
      "json_rows_response": "[\n  {\n    \"Remuneration key performance indicator\": \"Group operating profit (£m)\",\n    \"2019 actual\": \"277.3\",\n    \"2019 target\": \"270.3\",\n    \"2019 maximum\": \"298.1\",\n    \"Remuneration measure\": \"Annual Incentive Plan\"\n  },\n  {\n    \"Remuneration key performance indicator\": \"Group ROCE (%)\",\n    \"2019 actual\": \"54.5\",\n    \"2019 maximum\": \"50.1\",\n    \"Remuneration measure\": \"Annual Incentive Plan\"\n  },\n  {\n    \"Remuneration key performance indicator\": \"2017-2019 Relative TSR (percentile TSR)\",\n    \"2019 actual\": \"54.5\",\n    \"2019 maximum\": \"75.1\",\n    \"Remuneration measure\": \"Performance Share Plan\"\n  },\n  {\n    \"Remuneration key performance indicator\": \"2017-2019 Relative TSR (percentile TSR)\",\n    \"2019 target\": \"N/A\",\n    \"2019 maximum\": \"53.4\",\n    \"Remuneration measure\": \"Annual"
    },
    {
      "id": "82a48abedc1e5cfed2abad3c9a10ae56",
      "question": "What was the maximum group operating profit in 2019? ",
      "gold_answer": [
        "283.8"
      ],
      "markdown_table_response": "|  The maximum group operating profit in 2019?  |  The maximum group operating profit in 2019?  |\n|   |   |   |   |\n| Group operating profit (£m) | 277.3 | 256.7 | 270.3 | 283.8 | Annual Incentive Plan |\n| Group cash generation (£m) | 277.3 | 256.7 | 270.3 | 283.8 | Annual Incentive Plan |\n| Group cash generation (£m) | 282.3 | 270.3 | 285.0 | 299.2 | Annual Incentive Plan |\n| Group cash generation (£m) | 282.3 | 270.7 | 285.3 | Annual Incentive Plan |\n| Group cash generation (£m) | 285.3 | 271.3 | 284.2 | Annual Incentive Plan |\n| Group cash generation (£m) | 282.3 | 270.3 | 284.2 | Annual Incentive Plan |\n| Group cash generation (£m) | 282.3 | 270.0 | 285.0 | Annual Incentive Plan |\n| Group cash generation (£m) | 282.3 | 270.5 | 285.0 | Annual",
      "csv_string_response": "What was the maximum group operating profit in 2019?",
      "json_rows_response": "I am getting the following output:"
    },
    {
      "id": "dce800aa37e3a6c06890c0e53b831172",
      "question": "What are the plans under remuneration measure?",
      "gold_answer": [
        "Annual Incentive Plan",
        "Performance Share Plan"
      ],
      "markdown_table_response": "What are the plans under remuneration measurement?",
      "csv_string_response": "What are the cost of the remuneration of the customer?",
      "json_rows_response": "[\n  {\n    \"Remuneration key performance indicator\": \"Group cash generation (£m)\",\n    \"2019 actual\": \"276.9\",\n    \"2019 target\": \"277.2\",\n    \"2019 maximum\": \"283.8\",\n    \"Remuneration measure\": \"Annual Incentive Plan\"\n  },\n  {\n    \"Remuneration key performance indicator\": \"Group cash generation (£m)\",\n    \"2019 actual\": \"355.9\",\n    \"2019 maximum\": \"353.6\",\n    \"Remuneration measure\": \"Annual Incentive Plan\"\n  },\n  {\n    \"Remuneration key performance indicator\": \"Group cash generation (£m)\",\n    \"2019 maximum\": \"64.1\",\n    \"Remuneration measure\": \"Annual Incentive Plan\"\n  },\n  {\n    \"Remuneration key performance indicator\": \"Group cash generation (£m)\",\n    \"2019 maximum\": \"65.4\",\n    \"Remuneration measure\": \"Annual Incentive Plan\"\n  },\n  {\n    \"Remuneration key performance indicator\": \"Group cash generation (£m)\","
    },
    {
      "id": "635d756eb2458f9cb07ad2fc9ef5ce7a",
      "question": "How many remuneration key performance indicators used Annual Incentive Plan as the remuneration measure?",
      "gold_answer": "3",
      "markdown_table_response": "| Maintenance key performance indicator | 2019 actual | 2019 maximum | 2019 target | 2019 maximum | 2019 maximum |\n| --- | --- | --- | --- | --- | --- |\n| Group operating profit (£m) | 276.3 | 272.3 | 285.0 | 29.2 | Annual Incentive Plan |\n| Group cash generation (£m) | 282.3 | 279.8 | 289.7 | 28.3 | Annual Incentive Plan |\n| Group cash generation (£m) | 282.3 | 287.3 | 289.5 | N/A | 53.3 | Annual Incentive Plan |\n| Group cash generation (£m) | 282.3 | 289.2 | 289.5 | N/A | 50.3 | Annual Incentive Plan |\n| Group cash generation (£m) | 282.3 | 289.3 | 285.0 | 29.2 | Annual Incentive Plan |\n| Group cash generation (£m) | 282.3 | 289.2 | 289.5 | N/A | 47.3 | Annual Incentive Plan |\n| Group cash generation (£m) | 282.3 | 289.6 | 289.5 | N/",
      "csv_string_response": "1. Non-payment of Remuneration bonus (Q)\n2. Expenditure (Q)\n3. Expenditure (Q)\n4. Expenditure (Q)\n5. Expenditure (Q)\n6. Expenditure (Q)\n7. Expenditure (Q)\n8. Expenditure (Q)\n9. Expenditure (Q)\n10. Expenditure (Q)\n11. Expenditure (Q)\n12. Expenditure (Q)\n13. Expenditure (Q)\n14. Expenditure (Q)\n15. Expenditure (Q)\n16. Expenditure (Q)\n17. Expenditure (Q)\n18. Expenditure (Q)\n19. Expenditure (Q)\n20. Expenditure (Q)\n21. Expenditure (Q)\n22. Expenditure (Q)\n23. Expenditure (Q)\n24. Expenditure (Q)\n25. Expenditure (Q)\n26. Expenditure (Q)\n27. Expenditure (Q)\n28. Expenditure (Q)",
      "json_rows_response": "When the following statements are not evaluated, the model will still have a chance of being met, which means the model will not be able to identify the final element. For example, if the model is based on the original data, the model will be met in the same way as if the original data were not met. In order to avoid this possibility, the model will have a chance to get the highest matching in the model. If the model is satisfied, the model will be met in the same way as if the model is not met. If the model is satisfied, the model will be met in the same way as if the model is met, the model will be met in the same way as if the model is not met. If the model is satisfied, the model will be met in the same way as if the model is met. If the model is not met, the model will be met in the same way as if the model is not met. If the model is satisfied, the model will be met in the same way as if the model is met. If the model is not met, the model will be met in the same way as if the model is not met. If the model is met, the model will be met in the same way as"
    },
    {
      "id": "d82ccbf862bbea0c2a60bf0f08df9c5d",
      "question": "What was the difference between the 2019 actual group cash generation compared with the 2019 target group cash generation?",
      "gold_answer": 11.4,
      "markdown_table_response": "What was the difference between the 2019 actual group cash generation as a function of the group cash generation?",
      "csv_string_response": "What was the difference between the 2019 actual group cash generation and the 2019 target group cash generation?",
      "json_rows_response": "What was the difference between the 2019 actual group cash generation and the 2019 target group cash generation?"
    },
    {
      "id": "3bff27eb2944cb199f863d6eb50bb06d",
      "question": "What is the 2019 actual group operating profit expressed as a ratio of the 2019 target group operating profit?",
      "gold_answer": 1.03,
      "markdown_table_response": "| Remuneration Key performance indicator | 2019 actual | 2019 target | 2019 maximum | 2019 minimum |\n| --- | --- | --- | --- | --- | --- |\n| Group operating profit (£m) | 294.3 | 274.6 | 289.1 | 279.2 | Annual Incentive Plan |\n| Group cash generation (£m) | 282.1 | 282.1 | 283.0 | Annual Incentive Plan |\n| Group cash generation (£m) | 282.0 | 282.1 | 289.3 | Annual Incentive Plan |\n| Group cash generation (£m) | 289.5 | 274.6 | 289.4 | Annual Incentive Plan |\n| Group cash generation (£m) | 282.2 | 279.1 | 289.1 | Annual Incentive Plan |\n| Group cash generation (£m) | 282.3 | 279.2 | 289.2 | Annual Incentive Plan |\n| Group cash generation (£m) | 284.6 | 285.6 | 279.3 | Annual Incentive Plan |\n| Group cash generation (£m) | 288.0 | 288.6 | Annual Incentive Plan |\n| Group cash generation (£",
      "csv_string_response": "What is the 2019 actual group operating profit expressed as a ratio of the 2019 target group operating profit?",
      "json_rows_response": "What is the 2019 actual group operating profit expressed as a ratio of the 2019 target group operating profit?"
    },
    {
      "id": "61a278072de57fe1e48c9eb9beeb09f4",
      "question": "How is the fair value of financial instruments that are not traded in active markets determined?",
      "gold_answer": [
        "using valuation techniques"
      ],
      "markdown_table_response": "To answer the user's question, the user is asked to answer the question and then followed the answer.",
      "csv_string_response": "The fair value of financial instruments that are not traded in an active market is determined by the following formula:\nFVPL,\"14,766\",\"5,091\",\"116,079\",\"135,936\"\nFVOCI,\"73,707\",–,\"7,014\",\"81,721\"\nFVOCI,\"71,707\",–,\"7,014\",\"81,721\"\nOFA,–,375,–,375\nOther financial liabilities,–,419,\"1,873\",–,\"9,014\",–,\"7,014\",–,\"8,014\",–,\"7,014\",–,\"6,014\",–,\"6,014\",–,\"7,014\",–,\"9,014\",–,\"7,014\",–,\"7,014\",–,\"7,014\",–,\"7,014\",–,\"7,014\",–,\"6,014\",–,\"7,014\",–,\"7,014\",–,\"7,014\",–,\"7,014\",–,\"7,014\",–,\"7,014\",–,\"7,014\",–,\"7,014\",–,\"7,014\",–,\"7,014\",–,\"7,",
      "json_rows_response": "1.4 The fair value of financial instruments traded in active markets is determined by using valuation techniques. The fair value of financial instruments traded in active markets is determined using valuation techniques. The fair value of financial instruments traded in active markets is determined by using valuation techniques."
    },
    {
      "id": "3ab5a21154cdfa603c0fcd66d909810e",
      "question": "How much is the level 1 FVPL as at 31 December 2019?",
      "gold_answer": [
        "14,766"
      ],
      "markdown_table_response": "|  | Level 1 | Level 2 | Level 3 | Total |\n| --- | --- | --- | --- | --- |\n|  | RMB’Million | RMB’Million | RMB’Million |\n| As at 31 December 2019 |  |  |  |\n| FVPL | 14,766 | 5,091 | 116,079 | 135,936 |\n| FVOCI | 41,578 | – | 1,941 | 43,519 |\n| OFA | – | 375 | – | 375 |\n| Other financial liabilities | – | 595 | 1,873 | 2,396 |\n| As at 31 December 2019 |  |  |  |\n| FVOCI | 71,700 | – | 7,014 | 74,721 |\n| OFA | – | 375 | – | 375 |\n| Other financial liabilities | – | 245 | 1,881 | 2,791 |\n| As at 31 December 2019 |  |  |  |  |\n| FVPL | 14,766 | 5,091 | 116,079 | 135,936 |\n| FVOCI | 41,578",
      "csv_string_response": "In Table 1, we present the average current percentile of the current percentile of the individual financial instruments and the mean current percentile of the financial instruments, excluding the method of reporting the financial instrument.",
      "json_rows_response": "1.3 A total of 663 FPVOTs (24.1%) per year."
    },
    {
      "id": "f4841f44c2e470088dc596e62a5cc57f",
      "question": "How much is the level 1 FVOCI as at 31 December 2019?",
      "gold_answer": [
        "74,707"
      ],
      "markdown_table_response": "The annual reports for each FVOCI report are presented in Table \\[Table:Table\\_Table\\_Table\\_Table\\_Table\\_Table\\_Table\\_Table\\_Table\\_Table\\_Table\\_Table\\_Table\\_Table\\_Table\\_Table\\_Table\\_Table\\_Table\\_Table\\_Table\\_Table\\_Table\\_Table\\_Table\\_Table\\_Table\\_Table\\_Table\\_Table\\_Table\\_Table\\_Table\\_Table\\_Table\\_Table\\_Table\\_Table\\_Table\\_Table\\_Table\\_Table\\_Table\\_Table\\_Table\\_Table\\_Table\\_Table\\_Table\\_Table\\_Table\\_Table\\_Table\\_Table\\_Table\\_Table\\_Table\\_Table\\_Table\\_Table\\_Table\\_Table\\_Table\\_Table\\_Table\\_Table\\_Table\\_Table\\_Table\\_Table\\_Table\\_Table\\_Table\\_Table\\_Table\\_Table\\_Table\\_Table\\_Table\\_Table\\_Table\\_Table\\_Table\\_Table\\_Table\\_Table\\_Table\\_Table\\_Table\\_Table\\_Table\\_Table\\_Table\\_Table\\_Table\\_Table\\_Table\\_Table\\_Table\\_Table\\_Table\\_Table\\_Table\\_Table\\_Table\\_Table\\_Table\\_Table\\_Table\\_Table\\_Table\\_Table\\_Table\\_Table\\_Table\\_Table\\_Table\\_Table\\_Table\\_",
      "csv_string_response": ",Level 2,Level 3,Total\n,RMB’Million,RMB’Million,RMB’Million\n,RMB’Million,RMB’Million,RMB’Million,RMB’Million\n.",
      "json_rows_response": "The following questions are answered in the summary below:"
    },
    {
      "id": "63fca6b21cf24a7e5901c0de3c26c2e0",
      "question": "How much did the level 1 FVPL change by from 2018 year end to 2019 year end?",
      "gold_answer": 3891,
      "markdown_table_response": "The levels 1 FVPL change by the year end to 2019 year end by level of the inputs to valuation techniques.",
      "csv_string_response": "The second step is to comment on the level 1 FVPL. You can also comment on the level 2 FVPL and the level 3 FVPL.",
      "json_rows_response": "1.1 A fair value estimation The table below summarizes the hypothetical results of the historical and current analysis."
    },
    {
      "id": "62f53cff04d0cd9fee521613e97978b7",
      "question": "How much did the level 1 FVOCI change by from 2018 year end to 2019 year end?",
      "gold_answer": 33129,
      "markdown_table_response": "4.1 Qualitative Reasoning",
      "csv_string_response": "To provide an answer, a query is carried out to estimate fair value, which is a measurement of the fair value of the market and to produce the cumulative average value of the total market at the full value level, with a net profit of US$8.85 per month.",
      "json_rows_response": "No."
    },
    {
      "id": "7d4bdeda7b114d51fa835e7bad363056",
      "question": "How much did the level 2 OFA change by from 2018 year end to 2019 year end?",
      "gold_answer": -1657,
      "markdown_table_response": "How much was the level 2 OFA change by from 2018 year end to 2019 year end?",
      "csv_string_response": ",Level 1,Level 2,Level 3,Total\n,RMB’Million,RMB’Million,RMB’Million,RMB’Million,RMB’Million,RMB’Million,RMB’Million,RMB’Million",
      "json_rows_response": "The number of questions in the market for the full year ended by level 1 in 2018 year end."
    },
    {
      "id": "4fbf9d597c76c797e31618c49d3003b0",
      "question": "Who did not recieve a FY19 EAIP payout?",
      "gold_answer": [
        "Mr. Clark"
      ],
      "markdown_table_response": "(1) Mr. Clark did not receive a FY19 EAIP payout.\n(2) Mr. Noviello did not recieve a FY19 EAIP payout.\n(3) Mr. Clark did not recieve a FY19 EAIP payout.\n(4) Mr. Noviello did not recieve a FY19 EAIP payout.\n(5) Mr. Clark did not recieve a FY19 EAIP payout.\n(6) Mr. Clark did not recieve a FY19 EAIP payout.\n(7) Mr. Noviello did not recieve a FY19 EAIP payout.\n(8) Mr. Clark did not recieve a FY19 EAIP payout.\n(9) Mr. Noviello did not recieve a FY19 EAIP payout.\n(10) Mr. Clark did not recieve a FY19 EAIP payout.\n(11) Mr. Noviello did not recieve a FY19 EAIP payout.\n(12) Mr. Clark did not recieve a FY19 EAIP payout.\n(13) Mr. Noviello did not recieve a FY19 EAIP payout",
      "csv_string_response": "All of the statements described below are true and correct in the Table Data, and therefore are subject to the same rules, regulations, and/or regulations as the factors listed above.",
      "json_rows_response": "(5) Mr. Lupin and Mr. Taylor were at the earliest stages of a calculation of the compensation expenditure.\n(6) Mr. Lupin and Mr. Taylor were at the earliest stages of a calculation of the compensation expenditure.\n(7) Mr. Taylor was at the earliest stages of a calculation of the compensation expenditure.\n(8) Mr. Taylor was at the earliest stages of a calculation of the compensation expenditure.\n(9) Mr. Taylor was at the earliest stages of a calculation of the compensation expenditure.\n(10) Mr. Taylor was at the earliest stages of a calculation of the compensation expenditure.\n(11) Mr. Taylor was at the earliest stages of a calculation of the compensation expenditure.\n(12) Mr. Taylor was at the earliest stages of a calculation of the compensation expenditure.\n(13) Mr. Taylor was at the earliest stages of a calculation of the compensation expenditure.\n(14) Mr. Taylor was at the earliest stages of a calculation of the compensation expenditure.\n(15) Mr. Taylor was at the earliest stages of a calculation of the compensation expenditure.\n(16) Mr. Taylor was at the earliest stages of a calculation of the compensation expenditure.\n(17) Mr"
    },
    {
      "id": "453b5ff451415eb7e66acba25fff17ef",
      "question": "Were any FY19 EAIP payouts reduced by the Compensation Committee?",
      "gold_answer": [
        "The Compensation Committee did not exercise its discretion to reduce any payouts"
      ],
      "markdown_table_response": "Any FY19 EAIP payout was reduced by the Compensation Committee.",
      "csv_string_response": "$ 7-09-12 $1,038,000, $5,000,000, $6,000,000, $11,500,000, $12,500,000, $13,500,000, $14,500,000, $15,500,000, $16,500,000, $17,500,000, $18,500,000, $19,500,000, $20,500,000, $21,500,000, $22,500,000, $23,500,000, $24,500,000, $25,500,000, $26,500,000, $27,500,000, $28,500,000, $29,500,000, $30,500,000, $31,500,000, $32,500,000, $33,500,000, $34,500,000, $35,500,000, $36,500,000, $37,500,000, $38,500,000, $39,500,000, $40,500,000, $42,500,000, $43,500,000, $44,500,",
      "json_rows_response": "Given that the compensation committee is increasing the number of employees in the Company, the Committee is not working to reduce the amount of compensation awarded."
    },
    {
      "id": "a81efaae1f1dad5df753e99f22fa6e21",
      "question": "What is Gregory S. Clark's base salary?",
      "gold_answer": [
        "1,000,000"
      ],
      "markdown_table_response": "On the date of the initial filing of the Form 10-K in the ‘‘Freshly Filed Form 10-K’ form, the following information is provided to each employee:",
      "csv_string_response": "(1) The Company's Appropriate Employees, Staffing, Volunteer, and Training Services in the U.S.A.R. (B)",
      "json_rows_response": "Gregory S. Clark's base salary is $5,000,000."
    },
    {
      "id": "62afbd1d4e987a0cb3193b11523d0dfd",
      "question": "What is the NEOs' total salary?",
      "gold_answer": 3140000,
      "markdown_table_response": "(1) Mr. Noviello did not receive a return, and he was paid $6,000,000.\n(2) Mr. Noviello did not receive a return, and he was paid $6,000,000.\n(3) Mr. Noviello received an additional $6,000,000.\n(4) Mr. Noviello received an additional $6,000,000.\n(5) Mr. Noviello received an additional $6,000,000.\n(6) Mr. Noviello received an additional $6,000,000.\n(7) Mr. Noviello received an additional $6,000,000.\n(8) Mr. Noviello received an additional $6,000,000.\n(9) Mr. Noviello received an additional $6,000,000.\n(10) Mr. Noviello received an additional $6,000,000.\n(11) Mr. Noviello received an additional $6,000,000.\n(12) Mr. Noviello received an additional $6,000,000.\n(13) Mr. Noviello received an additional $6,",
      "csv_string_response": "2) When Does the Annual Employee Benefit Plan Payout?",
      "json_rows_response": "(1) Mr. Clark did not receive a cut of the payout.\n(2) Mr. Noviello did not receive a cut of the payout.\n(3) Mr. Clay did not receive a cut of the payout.\n(4) Mr. Sumner did not receive a cut of the payout."
    },
    {
      "id": "dda4bb48c5396171a69ab924da0c7af8",
      "question": "What is the NEOs' average salary?",
      "gold_answer": 628000,
      "markdown_table_response": "The amount of the amount that a programmer is paid for in the FY19 EAIP would be capped for the entire fiscal year.",
      "csv_string_response": "For each individual employee of a particular company, the following is the number of entries within the Company's Annual Plan (the “Final Answer”). The number of entries within the Company's Annual Plan (the “AA”) is the number of non-employees, which is the number of employees that are considered to be assigned to the Company. For each individual employee of a particular company, the Employee's Annual Plan (the “AA”) is the number of entries within the Annual Plan. If a particular employee of a particular company, the Employee's Annual Plan (the “AA”) is the number of entries within the Annual Plan, the Employee's Annual Plan may be reduced based on the number of entries within the Annual Plan. This reduction may be called “Plans.”",
      "json_rows_response": "(5) As Mr. Bailly received a payout from Mr. Lennon to Mr. Geere and Mr. Jayson to Mr. Lennon to Mr. Geere, Mr. Lennon received 50% of his net profit in the fiscal year 2019."
    },
    {
      "id": "613cbb913bda42a98738d603175e36da",
      "question": "What is the average FY19 individual payout amount?",
      "gold_answer": 192584,
      "markdown_table_response": "(1) Mr. Clark received a total of 80% of his target compensation, and he received 10% of the total compensation.",
      "csv_string_response": "-   \n-   \n-   \n-   \n-   \n-   \n-   \n-   \n-   \n-   \n-   \n-   \n-   \n-   \n-   \n-   \n-   \n-   \n-   \n-   \n-   \n-   \n-   \n-   \n-   \n-   \n-   \n-   \n-   \n-   \n-   \n-   \n-   \n-   \n-   \n-   \n-   \n-   \n-   \n-   \n-   \n-   \n-   \n-   \n-   \n-   \n-   \n-   \n-   \n-   \n-   \n-   \n-   \n-   \n-   \n-   \n-   \n-   \n-   \n-   \n-   \n-   \n-   \n-   \n-   \n-   \n-   \n-   \n-   \n-   \n-   \n-   \n-   \n-   \n-   \n-   \n-   \n-   \n-   \n-   \n-   \n-   \n-   \n-   \n-   \n-",
      "json_rows_response": "[\n  {\n    \"\": \"Total Payout (The Office of the Compensation Office) (Exhibit A) (Exhibit B) (Exhibit C) (Exhibit D) (Exhibit E) (Exhibit E) (Exhibit E) (Exhibit D) (Exhibit D) (Exhibit E) (Exhibit E) (Exhibit E) (Exhibit E) (Exhibit E) (Exhibit E) (Exhibit E) (Exhibit E) (Exhibit E) (Exhibit E) (Exhibit E) (Exhibit E) (Exhibit E) (Exhibit E) (Exhibit E) (Exhibit E) (Exhibit E) (Exhibit E) (Exhibit E) (Exhibit E) (Exhibit E) (Exhibit E) (Exhibit E) (Exhibit E) (Exhibit E) (Exhibit E) (Exhibit E) (Exhibit E) (Exhibit E) (Exhibit E) (Exhibit E) (Exhibit E) (Exhibit E) (Exhibit E) (Exhibit E) (Exhibit E) (Exhibit E) (Exhibit E) ("
    },
    {
      "id": "c29b6258a24fcbbe12c294130ff18516",
      "question": "What were the acquisition and integration charges related to the company's collaboration with JJMD in Q4 Fiscal year 2019?",
      "gold_answer": [
        "$17.6 million"
      ],
      "markdown_table_response": "| Fiscal Year 2019 |  |  |  |\n| --- | --- | --- | --- | --- |\n|  |  | Three Months Ended |  |\n| (in thousands, except for per share data) | August 31, 2019 | May 31, 2019 | February 28, 2019 | November 30, 2018 |\n| Net revenue | $6,573,453 | $6,135,602 | $6,066,990 | $6,506,275 |\n| Net revenue | $3,573,453 | $3,134,602 | $3,066,990 |\n| Net revenue | $6,577,453 | $6,075,972 | $6,506,275 |\n| Net revenue | $3,573,453 | $3,134,602 | $3,066,990 |\n| Net revenue | $6,577,453 | $6,075,972 | $6,506,275 |\n| Net revenue | $3,573,453 | $3,134,602 | $3,066,990 |\n| Net revenue | $6,577,453 | $6,075,972 |",
      "csv_string_response": "What were the data from the consolidated financial statements shown in the table AND the accompanying text paragraphs of the Table Data provided to the shareholders of Jabil Inc.,,,,\nBasic,$0.34,$0.27,$0.44,$0.78,$0.88,$0.75,$0.81,$0.95,0.75,$0.92,0.93,0.81,0.92 and 0.92 for the three months ended June 30, 2019, June 30, 2019, June 30, 2019, February 28, 2019, November 30, 2018, March 28, 2019, December 31, 2018, December 31, 2019, January 1, 2019, February 28, 2019, November 30, 2018, March 28, 2019, December 31, 2019, January 1, 2019, February 28, 2019, November 30, 2018, June 30, 2019, February 28, 2019, January 1, 2019, February 28, 2019, November 30, 2018, March 28, 2019, December 31, 2019, January 1, 2019, February 28, 2019, December 31, 2019, January 1, 2019, February 28, 2019, November 30, 2018, March 28, 2019, December 31, 2019, January 1, 2019,",
      "json_rows_response": "[\n  {\n    \"Fiscal Year 2019\": \"\",\n    \"\": \"\"\n  },\n  {\n    \"Fiscal Year 2019\": \"\",\n    \"\": \"\"\n  },\n  {\n    \"Fiscal Year 2019\": \"Gross profit(4)\",\n    \"\": \"19.7 million\"\n  },\n  {\n    \"Fiscal Year 2019\": \"Total net income per share(3.1%) over the year from the quarter ended August 31, 2018 and December 31, 2019, February 28, 2018, November 30, 2018 and August 31, 2018, respectively.\"\n  },\n  {\n    \"Fiscal Year 2019\": \"\",\n    \"\": \"\"\n  },\n  {\n    \"Fiscal Year 2019\": \"Total net income per share(3.1%) over the year from the quarter ended August 31, 2019 and December 31, 2019, February 28, 2018, November 30, 2018 and August 31, 2018, respectively.\"\n  },\n  {\n    \"Fiscal Year 2019\": \"\",\n    \"\": \"\"\n  },\n  {\n    \"Fiscal Year 2019\": \"Total net income per share("
    },
    {
      "id": "43b0ac87677433a2cb1d3b4715026ace",
      "question": "What was the net income in August 2019?",
      "gold_answer": [
        "53,761"
      ],
      "markdown_table_response": "The Federal Government's Information Processing Standards (FIPS) are also available on the Form 899.",
      "csv_string_response": "What was the net income in the post-2015 fiscal year?",
      "json_rows_response": "[\n  {\n    \"Fiscal Year 2019\": \"\",\n    \"\": \"\"\n  },\n  {\n    \"Fiscal Year 2019\": \"\",\n    \"\": \"\"\n  },\n  {\n    \"Fiscal Year 2019\": \"Net income attributable to Jabil Inc.(2)(3)(4)\",\n    \"\": \"250,658\"\n  },\n  {\n    \"Fiscal Year 2019\": \"Net income attributable to Jabil Inc.(2)(3)(4)\",\n    \"\": \"296,200\"\n  },\n  {\n    \"Fiscal Year 2019\": \"Net income attributable to Jabil Inc.(3)(4)\",\n    \"\": \"491,750\"\n  },\n  {\n    \"Fiscal Year 2019\": \"Net income attributable to Jabil Inc.(3)(4)\",\n    \"\": \"294,500\"\n  },\n  {\n    \"Fiscal Year 2019\": \"Net income attributable to Jabil Inc.(3)(4)\",\n    \"\": \"731,500\"\n  },\n  {\n    \"Fiscal Year 2019\": \"Net income attributable to Jabil Inc.(3)("
    },
    {
      "id": "31afc05cae44c5fb2fc2ab8aaf933130",
      "question": "What was the gross profit in May 2019?",
      "gold_answer": [
        "443,799"
      ],
      "markdown_table_response": "| Revenue |  |  |  |\n| --- | --- | --- | --- | --- |\n|  |  | 3.6% | $1.4 million |  |  |\n| --- | | 1.2% |  |  |  |\n| 1.3% |  |  |  |  |  |  |  |\n| 0.6% |  |  |  |  |  |  |  |  |\n| 0.7% |  |  |  |  |  |  |  |\n| 0.7% |  |  |  |  |  |  |  |  |  |\n| 0.8% |  |  |  |  |  |  |  |\n| 0.8% |  |  |  |  |  |  |  |  |\n| 0.9% |  |  |  |  |  |  |  |\n| 0.9% |  |  |  |  |  |  |  |\n| 0.8% |  |  |  |  |  |  |  |",
      "csv_string_response": "All quotes are valid only in the three months ended August 31, 2019.",
      "json_rows_response": "[\n  {\n    \"Fiscal Year 2019\": \"\",\n    \"\": \"2018\"\n  },\n  {\n    \"Fiscal Year 2019\": \"\",\n    \"\": \"2018\"\n  },\n  {\n    \"Fiscal Year 2019\": \"\",\n    \"\": \"2018\"\n  },\n  {\n    \"Fiscal Year 2019\": \"\",\n    \"\": \"2018\"\n  },\n  {\n    \"Fiscal Year 2019\": \"Net revenue\",\n    \"\": \"2018\"\n  },\n  {\n    \"Fiscal Year 2019\": \"\",\n    \"\": \"2018\"\n  },\n  {\n    \"Fiscal Year 2019\": \"\",\n    \"\": \"2018\"\n  },\n  {\n    \"Fiscal Year 2019\": \"\",\n    \"\": \"2018\"\n  },\n  {\n    \"Fiscal Year 2019\": \"\",\n    \"\": \"2018\"\n  },\n  {\n    \"Fiscal Year 2019\": \"\",\n    \"\": \"2018\"\n  },\n  {\n    \"Fiscal Year 2019\": \"\",\n    \"\": \"2018\""
    },
    {
      "id": "25d2e81cd8e2d8ab81c5796d6e89c4ec",
      "question": "What was the change in gross profit between May 2019 and August 2019?",
      "gold_answer": 51279,
      "markdown_table_response": "| Fiscal Year 2019 |  |  |\n| --- | --- | --- | --- | --- |\n|  |  |  | Three Months Ended |  |\n| (in thousands, except for per share data) | August 31, 2019 | May 31, 2019 | February 28, 2019 | November 30,2018 |\n| Net revenue | $6,573,453 | $6,134,602 | $6,066,990 | $6,506,275 |\n| Net revenue | $6,573,453 | $6,134,602 | $6,066,990 | $6,506,275 |\n| Net revenue | $6,574,453 | $6,134,602 | $6,066,990 | $6,506,275 |\n| Net revenue | $6,573,453 | $6,134,602 | $6,066,990 | $6,506,275 |\n| Net revenue | $6,574,453 | $6,134,602 | $6,066,990 | $6,506,275 |\n| Net revenue | $6,574,453 | $6,134,602 | $",
      "csv_string_response": "Not to exceed $3.8 million in aggregate income of $6,671,631.",
      "json_rows_response": "This article originally appeared on the October 15th edition of the Newsletter of the European Union's Trades Union and its Knowledge-based Indexing of the European Union's Knowledge-based Indexing of the European Union's Knowledge-based Indexing of the EU's Knowledge-based Indexing of the European Union's Knowledge-based Indexing of the European Union's Knowledge-based Indexing of the European Union's Knowledge-based Indexing of the European Union's Knowledge-based Indexing of the European Union's Knowledge-based Indexing of the European Union's Knowledge-based Indexing of the European Union's Knowledge-based Indexing of the European Union's Knowledge-based Indexing of the European Union's Knowledge-based Indexing of the European Union's Knowledge-based Indexing of the European Union's Knowledge-based Indexing of the European Union's Knowledge-based Indexing of the European Union's Knowledge-based Indexing of the European Union's Knowledge-based Indexing of the European Union's Knowledge-based Indexing of the European Union's Knowledge-based Indexing of the European Union's Knowledge-based Indexing of the European Union's Knowledge-based Indexing of the European Union's Knowledge-based Indexing of the European Union's Knowledge-based"
    },
    {
      "id": "8f23d52beaedf5e030daa78043e721cc",
      "question": "What was the change in basic earnings per share attributable to the stockholders of Jabil Inc. between May 2019 and August 2019?",
      "gold_answer": 0.06,
      "markdown_table_response": "What was the increase in all the year ending after the end of the tax year?",
      "csv_string_response": "The following is an answer to the best-case scenario, where the stockholders of Jabil Inc. have been reassigned to another stockholders of Jabil Inc.",
      "json_rows_response": "Is the balance due on a quarterly financial statement calculated by the Board of Directors of Jabil Inc.?"
    },
    {
      "id": "27f1a9c7a554b928ab4da0afb589b3f6",
      "question": "What was the percentage change in net revenue between November 2018 and February 2019?",
      "gold_answer": -6.75,
      "markdown_table_response": "A:",
      "csv_string_response": "What was the percentage change in net revenue from November 2018 to February 2019?",
      "json_rows_response": "The average net revenue (in units per share) for the three months ended August 31, 2019, February 28, 2019, November 30, 2018 and August 31, 2018 and the total net income (in units per share) for the three months ended August 31, 2019, February 28, 2019, November 30, 2018 and August 31, 2019 respectively.\n(5) Includes a restructuring of securities loss of $29.6 million for the three months ended August 31, 2019, August 31, 2018 and February 28, 2019, respectively.\n(6) Includes a restructuring of securities loss of $30.6 million for the three months ended August 31, 2019, February 28, 2019, November 30, 2018 and August 31, 2019, respectively.\n(7) Includes a restructuring of securities loss of $34.4 million for the three months ended August 31, 2019, February 28, 2019, November 30, 2018 and August 31, 2019, respectively.\n(8) Includes a restructuring of securities loss of $38.3 million for the three months ended August 31, 2019, February 28, 2019, November 30, 2018 and August 31, 2019, respectively.\n(9) Includes a restructuring of securities loss of $33"
    },
    {
      "id": "8be7331907754560e0edbc5d0ad52b27",
      "question": "What is the definition of deferred revenues?",
      "gold_answer": [
        "Performance obligations for which payments have been received by the customer prior to revenue recognition."
      ],
      "markdown_table_response": "|  |  | December 31, |  |\n| --- | --- | --- | --- | --- |\n|   | 2017 | 2018 | 2017 |\n| Beginning balance | $36,836 | $42,432 | $49,904 |\n| Deferral of revenue | 45,040 | 45,003 | 46,193 |\n| Recognition of deferred revenue | (41,034) | (45,599) | (53,665) |\n| Ending balances | $36,836 | $42,432 | $49,904 |\n| Deferral of revenue | 45,040 | 45,003 | 46,193 |\n| Recognition of deferred revenue | 45,040 | 45,003 | 46,193 |\n| Ending balances | $36,836 | $42,432 | $49,904 |\n| Deferral of revenue | 45,040 | 45,003 | 46,193 |\n| Final Answer | $36,836 | $42,432 | $49,904 |\n| Appendance of revenue | 45,040 | 45,003 | 46,193 |\n| Recognition of deferred revenue | 45,",
      "csv_string_response": "What is the definition of the deferred revenue balance?",
      "json_rows_response": "What is the definition of deferred revenues?"
    },
    {
      "id": "5a168a3246aa655432f86dbb19c87130",
      "question": "What is the anticipated duration of useful life for the deferred software and deferred subscription-based service performance obligations to be recognised?",
      "gold_answer": [
        "One to eighteen months."
      ],
      "markdown_table_response": "Is the deferred revenue balance calculated for the deferred revenue balance and the deferred revenue balance?",
      "csv_string_response": "What is the defined overhead of the deferred revenue balance and/or how to increase the deferred revenue balance?",
      "json_rows_response": "1. The deferred revenue balance is determined based on the main and the primary result of the deferred revenue balance.\n2. The deferred revenue balance is determined based on the primary result of the deferred revenue balance.\n3. The deferred revenue balance is determined based on the secondary result of the deferred revenue balance."
    },
    {
      "id": "9346282102f49623651b41bc94429dfc",
      "question": "What is the beginning balance as of December 31, 2019?",
      "gold_answer": [
        "$36,836"
      ],
      "markdown_table_response": "Which of the following is the beginning balance of the deferred revenue?",
      "csv_string_response": "What is the end balance as of December 31, 2019?",
      "json_rows_response": "What is the end balance as of December 31, 2019?"
    },
    {
      "id": "538be33c722b209d5505a3e0cb3b6064",
      "question": "What is the difference in the ending balances between 2018 and 2019?",
      "gold_answer": 4006,
      "markdown_table_response": "|  | 2019 |\n| --- | --- | --- | --- |\n|  | 2019 | 2018 | 2019 |\n| Ending balances | $36,836 | $42,432 | $49,904 |\n| Deferral of revenue | 45,040 | 40,003 | 46,193 |\n| Recognition of deferred revenue | 45,040 | 40,003 | 46,193 |\n| Deferral of revenue | 45,040 | 40,003 | 46,193 |\n| Deferral of revenue | 45,040 | 40,003 | 46,193 |\n| Final Answer | 45,040 | 40,003 | 46,193 |\n| Ending balances | $36,836 | $42,432 | $49,904 |\n| Deferral of revenue | 45,040 | 40,003 | 46,193 |\n| Deferral of revenue | 45,040 | 40,003 | 46,193 |\n| Final Answer | 45,040 | 40,003 | 46,193 |\n| Ending balances | $36,836 | $42,432 | $49,904 |\n| Deferral of revenue | 45,040 | 40,",
      "csv_string_response": "What is the difference between the ending balances between 2018 and 2019?",
      "json_rows_response": ""
    },
    {
      "id": "6b326af0c7494b104f38ad2dfc765500",
      "question": "What is the average deferral of revenues from 2017-2019?",
      "gold_answer": 43745.33,
      "markdown_table_response": "What is the average deferral of revenue for 2017-2019?",
      "csv_string_response": "What is the average deferral of revenues from 2017-2019?",
      "json_rows_response": "What is the amount of money the company paid on the payment plan for 2017-2019?"
    },
    {
      "id": "accb6822f54c2c318d11195c5e0e1e70",
      "question": "What is the percentage change of the ending balance from 2017 to 2018?",
      "gold_answer": 13.19,
      "markdown_table_response": "What is the minimum payment amount in the beginning of a new date?",
      "csv_string_response": "The full text of the entire database has been submitted to the UPDO for review, as detailed in the following comment.",
      "json_rows_response": "[\n  {\n    \"\": \"2018\",\n    \"December 31,\": \"2018\"\n  },\n  {\n    \"\": \"2018\",\n    \"December 31,\": \"2018\"\n  },\n  {\n    \"\": \"2018\",\n    \"December 31,\": \"2018\"\n  },\n  {\n    \"\": \"2018\",\n    \"December 31,\": \"2018\"\n  },\n  {\n    \"\": \"2018\",\n    \"December 31,\": \"2018\"\n  },\n  {\n    \"\": \"2018\",\n    \"December 31,\": \"2018\"\n  },\n  {\n    \"\": \"2018\",\n    \"December 31,\": \"2018\"\n  },\n  {\n    \"\": \"2018\",\n    \"December 31,\": \"2018\"\n  },\n  {\n    \"\": \"2018\",\n    \"December 31,\": \"2018\"\n  },\n  {\n    \"\": \"2018\",\n    \"December 31,\": \"2018\"\n  },\n  {\n    \"\": \"2018\",\n    \"December 31,\": \"2018\"\n  },"
    },
    {
      "id": "31206e48881c01ddc16fbdcefd014571",
      "question": "What did operating lease obligations include?",
      "gold_answer": [
        "$18.1 million of future lease payments which is recorded as a liability on the balance sheet as of March 31, 2019."
      ],
      "markdown_table_response": "|  | --- | --- | --- | --- | --- | --- |\n|  | Total | Less than 1 year | 1 – 3 years | 2 – 5 years | 4 – 7 years | 7 – 10 years | 3 – 12 years |\n| Total | Less than 1 year | 1 – 3 years | 2 – 5 years | 3 – 11 years | 4 – 13 years |\n| Total | Less than 1 year | 1 – 3 years | 3 – 10 years | 5 – 12 years | 3 – 13 years |\n| Total | Less than 1 year | 1 – 3 years | 2 – 4 years | 4 – 10 years | 4 – 13 years |\n| Total | Less than 1 year | 1 – 3 years | 2 – 5 years | 5 – 11 years | 5 – 13 years |\n| Total | Less than 1 year | 1 – 3 years | 3 – 10 years | 2 – 13 years | 4 – 14 years |\n| Total | Less than 1 year | 1 – 3 years | 2 – 4 years | 4 – 9 years | 2 – 13 years |\n| Total | Less than 1 year | 1 – 3 years | 2 – 5 years | 5 – 11 years | 4 – 11 years | 4 –",
      "csv_string_response": ",Field Answer No. 10, and Missing Answer No. 6.",
      "json_rows_response": "[\n  {\n    \"\": \"On April 28, 2019, the United States Government introduced a new payment option for its consumers based on the payment's terms and conditions and gave it a \"zero\" option of payment.  The new payment option is for the U.S. Government to make payments directly to our customers and to use their own payment information to make purchases of goods or services.  The new payment option will be available to the customers and the customers only.\n  }"
    },
    {
      "id": "f1ad514cecb6925a4206c5a886d645ef",
      "question": "What did capital purchase obligations represent?",
      "gold_answer": [
        "commitments for construction or purchases of property, plant and equipment."
      ],
      "markdown_table_response": "|  |  |  |  |  |  |\n| --- | --- | --- | --- | --- | --- |\n|  | Total | Less than 1 year | 1 – 3 years | 3 – 5 years | 2 – 7 years | 4 – 5 years | 4 – 7 years |\n| Total | Less than 1 year | 1 – 3 years | 3 – 5 years | 2 – 7 years | 2 – 7 years |\n| Total | Less than 1 year | 1 – 3 years | 3 – 5 years | 2 – 7 years | 2 – 7 years | 2 – 7 years |\n| Total | Less than 1 year | 1 – 3 years | 3 – 5 years | 2 – 7 years | 3 – 5 years | 4 – 5 years |\n| Total | Less than 1 year | 1 – 3 years | 3 – 5 years | 2 – 7 years | 4 – 5 years | 4 – 5 years |\n| Total | Less than 1 year | 1 – 3 years | 3 – 5 years | 2 – 7 years | 2 – 7 years | 3 – 5 years |\n| Total | Less than 1 year | 1 – 3 years | 3 – 5 years | 2 – 7 years | 3 – 5 years",
      "csv_string_response": "1.  The title of the prior-column debt will be changed by the time of the transactions.",
      "json_rows_response": "When the currency value for the common currency is computed as the percentage of the balance of the currency in the United States and Canada. We will adjust the currency value to the value of the common currency for any given period of time. We will also adjust the currency value according to the date of the last payment, in accordance with the currency code."
    },
    {
      "id": "87c5360ed537be4cc11020e3a41e9d9b",
      "question": "What was the total Other purchase obligations and commitments?",
      "gold_answer": [
        "205.6"
      ],
      "markdown_table_response": "|  |  |  |   |\n| --- | --- | --- | --- |\n|  | Total | Less than 1 year | 1 – 3 years | 3 – 5 years | More than 5 years |\n| Total | Total | Less than 1 year | 1 – 3 years | 3 – 5 years | More than 5 years |\n| Total | Total | Less than 1 year | 1 – 3 years | 3 – 5 years | More than 5 years |\n| Total | Total | Less than 1 year | 1 – 3 years | More than 5 years |\n| Total | Total | Total | Less than 1 year | Total | Total |\n| Total | Total | Total | Total | Total | Total | Total | Total | Total | Total | Total |\n| Total | Total | Total | Total | Total | Total | Total | Total | Total | Total | Total | Total | Total | Total | Total | Total | Total | Total | Total | Total | Total | Total |\n| Total | Total | Total | Total | Total | Total | Total | Total | Total | Total | Total | Total | Total | Total | Total | Total | Total | Total | Total | Total | Total | Total | Total | Total | Total",
      "csv_string_response": ",Total,Less than 1 year,1 – 3 years,3 – 5 years,7 – 5 years,More than 5 years,Total,Less than 1 year,3 – 7 years,3 – 6.2,16.7,16.1,16.1,12.5,18.1,17.7,18.9,18.9,19.2,19.5,19.2,19.8,19.9,20.9,21.8,22.7,23.7,24.3,25.4,26.5,27.4,28.9,29.8,30.6,31.1,32.9,33.3,34.1,35.6,36.7,37.6,38.6,39.1,40.3,41.6,42.9,43.4,44.9,45.8,46.6,47.1,48.5,49.8,50.7,51.3,52.1,53.8,54.6,55.9,56.4,57.8,57.2,58.",
      "json_rows_response": "[\n  {\n    \"\": \"More than 5 years\",\n    \"Payments Due by Period\": \"1 – 3 years\",\n    \"$12,200.9\"\n  },\n  {\n    \"\": \"1,753.0\",\n    \"$18,200.9\"\n  },\n  {\n    \"\": \"1,753.0\",\n    \"Payments Due by Period\": \"1 – 3 years\",\n    \"$12,200.9\"\n  },\n  {\n    \"\": \"2,017.8\",\n    \"Payments Due by Period\": \"1 – 3 years\",\n    \"$12,200.9\"\n  },\n  {\n    \"\": \"1,753.0\",\n    \"$12,200.9\"\n  },\n  {\n    \"\": \"2,017.8\",\n    \"Payments Due by Period\": \"2 – 3 years\",\n    \"$12,200.9\"\n  },\n  {\n    \"\": \"2,013.8\",\n    \"Payments Due by Period\": \"1 – 3 years\",\n    \"$12"
    },
    {
      "id": "288bfa18177cac38081f708a5455f691",
      "question": "What was the difference in the total between operating lease obligations and Other purchase obligations and commitments?",
      "gold_answer": 38.5,
      "markdown_table_response": "|  |  |  |  |  |  |  |  |  |  |  |  |  |  |  |  |  |  |  |  |  |  |  |  |  |  |  |  |  |  |  |  |  |  |  |  |  |  |  |  |  |  |  |  |  |  |  |  |  |  |  |  |  |  |  |  |  |  |  |  |  |  |  |  |  |  |  |  |  |  |  |  |  |  |  |  |  |  |  |  |  |  |  |  |  |  |  |  |  |  |  |  |  |  |  |  |  |  |  |  |  |  |  |  |  |  |  |  |  |  |  |  |  |  |  |  |  |  |  |  |  |  |  |  |  |  |  |",
      "csv_string_response": "No.",
      "json_rows_response": "We have reviewed the formal following statements of the material in the following. The statements are not necessarily statements of the material in this table:\n(1) Whether the agreement or the purchase of goods or services was made by a buyer or seller of goods or services;\n(2) Whether the payment or the purchase of goods or services were made by a buyer or seller of goods or services;\n(3) Whether the agreement or the purchase of goods or services was made by a buyer or seller of goods or services;\n(4) Whether the purchase of goods or services was made by a buyer or seller of goods or services;\n(5) Whether the payment or the purchase of goods or services was made by a seller or buyer of goods or services;\n(6) Whether the sale of goods or services was made by a buyer or seller of goods or services; and\n(7) Whether the payment or the purchase of goods or services was made by a seller or buyer of goods or services.\n(6) Whether the payment or the purchase of goods or services was made by a buyer or seller of goods or services;\n(7) Whether the payment or the purchase of goods or services was made by a seller of goods or services;"
    },
    {
      "id": "bbe3841c8b26497b20d8b187fb0a5876",
      "question": "What was the total Term Loan Facility as a percentage of total contractual obligations?",
      "gold_answer": 16.84,
      "markdown_table_response": "In a statement, we stated that:\n(1) We will not provide any \"specific\" documentation of the terms and conditions in the contract and that we will not require any additional documentation to provide the terms and conditions.\n(2) We will not provide any documentation of the terms and conditions in the contract and will not require any additional documentation to provide the terms and conditions.\n(3) We will not provide any other documentation of the terms and conditions of the contract and will not provide any documentation to provide any additional documentation.\n(4) We will not provide any other documentation of the terms and conditions in the contract and will not require any additional documentation to provide the terms and conditions of the contract and will not require any additional documentation to provide the terms and conditions.\n(5) We will not provide any other documentation of the terms and conditions of the contract and will not require any additional documentation to provide the terms and conditions of the contract.\n(6) We will not provide any other documentation of the terms and conditions of the contract and will not require any additional documentation to provide the terms and conditions of the contract.\n(7) We will not provide any other documentation of the terms and conditions of the contract and will not require any additional documentation",
      "csv_string_response": "We have considered the following questions regarding the subject of our final order of payment:",
      "json_rows_response": "[\n  {\n    \"\": \"More than 5 years\",\n    \"\": \"More than 5 years\",\n    \"Payments Due by Period\": \"1 – 2 years\",\n    \"\": \"More than 5 years\",\n    \"\": \"More than 5 years\",\n    \"\": \"More than 5 years\",\n    \"\": \"More than 5 years\",\n    \"\": \"More than 5 years\",\n    \"\": \"More than 5 years\",\n    \"\": \"More than 5 years\",\n    \"\": \"More than 5 years\",\n    \"\": \"More than 5 years\",\n    \"\": \"More than 5 years\",\n    \"\": \"More than 5 years\",\n    \"\": \"More than 5 years\",\n    \"\": \"More than 5 years\",\n    \"\": \"More than 5 years\",\n    \"\": \"More than 5 years\",\n    \"\": \"More than 5 years\",\n    \"\": \"More than 5 years\",\n    \"\": \"More than 5 years\",\n    \"\": \"More than 5 years\",\n    \"\": \"More than 5 years\",\n    \"\": \"More than 5 years\",\n    \"\": \"More than"
    },
    {
      "id": "bdb43007dad510381ce6d17d843be1e5",
      "question": "What was the total contractual obligations due more than 5 years as a percentage of total contractual obligations?",
      "gold_answer": 48.3,
      "markdown_table_response": "|  |  |  |   |  |  |\n| --- | --- | --- | --- | --- | --- |\n|  | Total | Less than 5 years | 1 – 3 years | 3 – 5 years | More than 5 years |\n|  | Total | Less than 5 years | 1 – 3 years | 3 – 5 years | More than 5 years |\n|  | Total | Less than 5 years | 1 – 3 years | 3 – 5 years | More than 5 years |\n|  | Total | Less than 5 years | 1 – 3 years | 3 – 5 years | More than 5 years |\n|  | Total | Less than 5 years | 1 – 3 years | 3 – 5 years | More than 5 years |\n| Total | Total | Less than 5 years | 1 – 3 years | 3 – 5 years | More than 5 years |\n| Total | Total | Less than 5 years | 1 – 3 years | 4 – 5 years | More than 5 years |\n| Total | Total | Less than 5 years | 1 – 3 years | 3 – 5 years | More than 5 years |\n| Total | Total | Less than 5 years | 1 – 3 years | 4 – 5 years |",
      "csv_string_response": "We are not going to be able to answer any of the following questions regarding the total contractual obligations due the following:",
      "json_rows_response": "The total contractual obligations due the total obligations."
    },
    {
      "id": "f65bc5a189414ccb21ae21bbdd22245a",
      "question": "What was the stock-based compensation in 2019?",
      "gold_answer": [
        "525"
      ],
      "markdown_table_response": "| Answer | May 25, 2019 |\n|\n| --- | --- | --- |\n|  | 2019 | 2019 |\n| Gross profit from continuing operations, as reported | $315,527 | $365,607 |\n| Adjustments to gross profit: |  |  |\n| Amortization of intangible assets | (12,168) | (5,774) |\n| Stock-based compensation | 9,577 | 8,324 |\n| Facility expansion and relocation costs | 3,050 | 1,080 |\n| Amortization of long term leasehold obligations | (12,168) | (5,774) |\n| Stock-based compensation | 3,507 | 1,131 |\n| Non-GAAP operating expenses | 2,506 | 1,065 |\n| Non-GAAP operating expenses | 4,981 | 1,729 |\n| Non-GAAP operating expenses | 2,036 | 1,734 |\n| Non-GAAP operating expenses | 4,899 | 1,931 |\n| Non-GAAP operating expenses | 4,890 | 1,126 |\n| Non-GAAP operating expenses | 3,425 |",
      "csv_string_response": "\"We have been informed of the benefits of the stock-based compensation, so we will update them periodically with the details of their decision in the fiscal year 2019.\"",
      "json_rows_response": "[\n  {\n    \"Reconciliation of Non-GAAP measure - operating expenses and operating income from continuing operations, excluding certain items (in thousands)\": \"\",\n    \"Years Ended December 31,\": \"3,891\",\n    \"\": \"2018\"\n  },\n  {\n    \"Reconciliation of Non-GAAP measure - operating expenses and operating income from continuing operations, excluding certain items (in thousands)\": \"\",\n    \"Years Ended December 31,\": \"3,891\",\n    \"\": \"569\"\n  },\n  {\n    \"Reconciliation of Non-GAAP measure - operating expenses and operating income from continuing operations, excluding certain items (in thousands)\": \"\",\n    \"Years Ended December 31,\": \"651\",\n    \"\": \"742\"\n  },\n  {\n    \"Reconciliation of Non-GAAP measure - operating expenses and operating income from continuing operations, excluding certain items (in thousands)\": \"\",\n    \"Years Ended December 31,\": \"674,903\",\n    \"\": \"742,918,121,132,208,212,327,440,408,"
    },
    {
      "id": "406398f9085dfa1e59f322e6e4f28002",
      "question": "What was the Gross profit from continuing operations, as reported in 2019?",
      "gold_answer": [
        "315,652"
      ],
      "markdown_table_response": "What is the Gross profit from continuing operations, as reported in the following table.",
      "csv_string_response": "\"The total amount of money saved, the total amount of lost and the total amount of money saved,\" [B]irhan wrote. \"The total amount of money saved, the total amount of money saved, the total amount of money saved, the total amount of money saved.\"\n\"All the amount of money saved, the total amount of money saved, the total amount of money saved, the total amount of money saved, the total amount of money saved, the total amount of money saved, the total amount of money saved, the total amount of money saved, the total amount of money saved, the total amount of money saved, the total amount of money saved, the total amount of money saved, the total amount of money saved, the total amount of money saved, the total amount of money saved. The total amount of money saved, the total amount of money saved, the total amount of money saved. The total amount of money saved, the total amount of money saved, the total amount of money saved, the total amount of money saved, the total amount of money saved, the total amount of money saved, the total amount of money saved, the total amount of money saved, the total amount of money saved, the total amount of money saved, the",
      "json_rows_response": "[\n  {\n    \"Gross profit from continuing operations, excluding certain items (in thousands)\": \"\",\n    \"Years Ended December 31,\": \"\",\n    \"\": \"2019\",\n    \"\": \"2018\",\n    \"\": \"2018\",\n    \"\": \"2018\"\n  },\n  {\n    \"Gross profit from continuing operations, excluding certain items (in thousands)\": \"\",\n    \"Years Ended December 31,\": \"392,858\",\n    \"\": \"20,972,779\",\n    \"\": \"583,826,824,741\",\n    \"\": \"583,726,823,973\",\n    \"\": \"583,726,823,973\",\n    \"\": \"583,726,823,973\",\n    \"\": \"583,726,823,973\",\n    \"\": \"583,726,823,973\",\n    \"\": \"583,726,823,973\",\n    \"\": \"583,726,823,973\",\n    \"\":"
    },
    {
      "id": "ba2db0dc8a45d38829ca800e93081bdf",
      "question": "What does the non-GAAP results exclude?",
      "gold_answer": [
        "the impact of non-cash related charges, such as stock-based compensation and amortization of intangible assets."
      ],
      "markdown_table_response": "| Reconciliation of GAAP measure - operating expenses and operating income from continuing operations, excluding certain items (in thousands) | Years Ended December 31, |  |\n| --- | --- | --- |\n|  | 2019 | 2018 |\n| Gross profit from continuing operations, as reported | $ 315,652 | $365,607 |\n| Adjustments to gross profit: |  |  |\n| Amortization of intangible assets | (12,168) | (5,774) |\n| Stock-based compensation | (6,803) | (9,961) |\n| Facility expansion and relocation costs | (948) | (518) |\n| Acquisition-related costs | (9,042) | (9,116) |\n| Facility expansion and relocation costs | (948) | (518) |\n| Non-GAAP operating expenses | (10,002) | (1,726) |\n| Facility expansion and relocation costs | (9,050) | (5,774) |\n| Facility expansion and relocation costs | (10,002) | (1,726) |\n| Facility expansion and relocation costs | (9,050)",
      "csv_string_response": "\"We do not believe that the IRS is a tax on a non-GAAP based on the record.\" - \"Therefore, we believe that the IRS is not an IRS, and that the tax on such non-GAAP earnings is not a tax on the earnings of any non-GAAP earnings.\" - \"So, we believe that the IRS is not an IRS, and that the tax on the non-GAAP earnings is not a tax on the earnings of any non-GAAP earnings.\" - \"We believe that the IRS is a tax on the earnings of any non-GAAP earnings.\" - \"However, the IRS is not an IRS, and that the tax on the non-GAAP earnings is not a tax on the earnings of any non-GAAP earnings.\" - \"In the absence of any review by the Internal Revenue Service, the IRS is not an IRS, and that the tax on the non-GAAP earnings is not a tax on the earnings of any non-GAAP earnings.\" - \"We believe that the IRS is not an IRS, and that the tax on the non-GAAP earnings is not a tax on the earnings of any non-GAAP earnings.\" - \"We believe that the IRS is not an IRS",
      "json_rows_response": "[\n  {\n    \"Reconciliation of Non-GAAP measure - operating expenses and operating income from continuing operations, excluding certain items (in thousands)\": \"\",\n    \"Years Ended December 31,\": \"325,362\",\n    \"\": \"701,555\",\n    \"\": \"2018\"\n  },\n  {\n    \"Reconciliation of Non-GAAP measure - operating expenses and operating income from continuing operations, excluding certain items (in thousands)\": \"\",\n    \"Years Ended December 31,\": \"7,021\",\n    \"\": \"5,917\",\n    \"\": \"12,512\",\n    \"\": \"7,979\",\n    \"\": \"17,968\",\n    \"\": \"3,948\",\n    \"\": \"8,494\",\n    \"\": \"4,265\",\n    \"\": \"6,331\",\n    \"\": \"3,312\",\n    \"\": \"1,036\"\n  },\n  {\n    \"Reconciliation of Non-GAAP measure - operating expenses and operating income from continuing operations, excluding certain items (in thousands)\": \"\",\n    \"Years"
    },
    {
      "id": "dc79b98af1a6a083c53ee4ee3a2c0f2c",
      "question": "What was the change in the Gross profit from continuing operations, as reported between 2018 and 2019?",
      "gold_answer": -49955,
      "markdown_table_response": "The total number of eligible non-GAAP adjusted EPSs during the period that year was collected in the ATA recorders. The total EPS of these non-GAAP adjusted EPSs were:",
      "csv_string_response": "We are currently working on a long-term strategy for the management of non-GAAP operations in terms of revenue, operating expenses, and revenue. We are currently working on a strategy for the management of non-GAAP operations in terms of revenue, operating expenses, and revenue. We currently have a total of 24 billion dollars in the plan, and are working on a strategy for the management of GAAP operations in terms of revenue, operating expenses, and revenue. We are currently working on a strategy for the management of GAAP operations in terms of revenue, operating expenses, and revenue. We are currently working on a strategy for the management of GAAP operations in terms of revenue, operating expenses, and revenue. We are currently working on a strategy for the management of GAAP operations in terms of revenue, operating expenses, and revenue. We are currently working on a strategy for the management of GAAP operations in terms of revenue, operating expenses, and revenue. We are currently working on a strategy for the management of GAAP operations in terms of revenue, operating expenses, and revenue. We are currently working on a strategy for the management of GAAP operations in terms of revenue, operating expenses, and revenue. We are currently working on a strategy for the management of GA",
      "json_rows_response": "[\n  {\n    \"Reconciliation of Non-GAAP measure - operating expenses and operating income from continuing operations, excluding certain items (in thousands)\": \"\",\n    \"Years Ended December 31,\": \"319,968\",\n    \"\": \"2018\"\n  },\n  {\n    \"Reconciliation of Non-GAAP measure - operating expenses and operating income from continuing operations, excluding certain items (in thousands)\": \"\",\n    \"Years Ended December 31,\": \"354,968\",\n    \"\": \"621,642\",\n    \"\": \"531,638\",\n    \"\": \"5,474,618\",\n    \"Years Ended December 31,\": \"300,972\",\n    \"\": \"541,924\",\n    \"\": \"5,173,786\",\n    \"Years Ended December 31,\": \"7,875\",\n    \"\": \"986,893\",\n    \"\": \"14,599,647\",\n    \"Years Ended December 31,\": \"762,618\",\n    \"\": \"621,762\",\n    \"Years Ended December 31,\""
    },
    {
      "id": "fc99efc2ca485dc3677f3e998dea801b",
      "question": "What was the change in stock-based compensation between 2018 and 2019?",
      "gold_answer": -217,
      "markdown_table_response": "Is it not possible to comment on the impact of non-GAAP adjustments on the result of a non-GAAP EPS formula?",
      "csv_string_response": "\"I do not believe that the annual tax rate increase increases the market value of assets and that the change in stock-based compensation is due to the increase in the tax rate. I do not believe that the annual tax rate increase increases the market value of assets and that the increase in stock-based compensation is due to the decrease in the tax rate.",
      "json_rows_response": "[\n  {\n    \"Reconciliation of Non-GAAP measure - operating expenses and operating income from continuing operations, excluding certain items (in thousands)\": \"\",\n    \"Years Ended December 31,\": \"315,654\",\n    \"\": \"742,761\",\n    \"\": \"1,824,555\",\n    \"\": \"2015\"\n  },\n  {\n    \"Reconciliation of Non-GAAP measure - operating expenses and operating income from continuing operations, excluding certain items (in thousands)\": \"\",\n    \"Years Ended December 31,\": \"360,607\",\n    \"\": \"105,252\",\n    \"\": \"569,677\",\n    \"\": \"2,814,543\",\n    \"\": \"4,124,604\",\n    \"\": \"3,791,926\",\n    \"\": \"5,719,828\",\n    \"\": \"1,352,747\",\n    \"\": \"4,171,926\",\n    \"\": \"2,243,420\",\n    \"\": \"3,370,741\",\n    \"\": \"4,351,726"
    },
    {
      "id": "a2cec9bc9e41a2d0e39353adf5e5d244",
      "question": "What was the percentage change in acquisition-related costs between 2018 and 2019?",
      "gold_answer": 1356.94,
      "markdown_table_response": "| Reconciliation of GAAP measure - operating expenses and operating income from continuing operations, excluding certain items (in thousands) | Years Ended December 31, |  |\n| --- | --- | --- | --- |\n|  | 2019 | 2018 |\n| Gross profit from continuing operations, excluding certain items (in thousands) | Years Ended December 31, |  |\n| --- | --- | --- | --- |\n|  | 2019 | 2018 |\n| Gross profit from continuing operations, excluding certain items (in thousands) | Years Ended December 31, |  |\n| --- | --- | --- | --- | --- |\n|  | 2019 | 2018 |\n| Gross profit from continuing operations, excluding certain items (in millions) | Years Ended December 31, |  |\n| --- | --- | --- | --- | --- |\n|  | 2019 | 2018 |\n| Gross profit from continuing operations, excluding certain items (in millions) | Years Ended December 31, |  |\n| --- | --- | --- | --- | --- |\n|  | 2019 | 2018 |\n| Gross profit from continuing operations, excluding certain items (in millions) | Years Ended December 31, |  |",
      "csv_string_response": "\"We have the following questions, which are the first questions that we were asked to make, which are the questions which we are asked to make on the basis of the above answers. We have the following questions:",
      "json_rows_response": "[\n  {\n    \"Reconciliation of Non-GAAP measure - operating expenses and operating income from continuing operations, excluding certain items (in thousands)\": \"\",\n    \"Years Ended December 31,\": \"201,829\",\n    \"\": \"2019\",\n    \"\": \"2018\",\n    \"\": \"2019\",\n    \"\": \"2018\",\n    \"\": \"2018\",\n    \"\": \"2018\",\n    \"\": \"2018\",\n    \"\": \"2018\",\n    \"\": \"2018\",\n    \"\": \"2018\",\n    \"\": \"2018\",\n    \"\": \"2018\",\n    \"\": \"2018\",\n    \"\": \"2018\",\n    \"\": \"2018\",\n    \"\": \"2018\",\n    \"\": \"2018\",\n    \"\": \"2018\",\n    \"\": \"2018\",\n    \"\": \"2018\",\n    \"\": \"2018\",\n    \"\": \"2018\",\n    \"\": \"2018\",\n    \"\": \"2018\",\n    \"\": \"2018\",\n    \"\": \"2018\",\n    \"\": \"2018\",\n    \"\": \"2018\",\n    \"\": \"2018\","
    },
    {
      "id": "6b9afdca4d6ad6c52b1fcc41a040cf9e",
      "question": "How much was the incremental shares at December 31, 2019 and 2018 respectively?",
      "gold_answer": [
        "383,000",
        "750,000"
      ],
      "markdown_table_response": "|  | 2019 |\n| --- | --- | --- |\n| Net Loss | $(15,571) | $(24,122) |\n| Basic: |  |\n| Weighted average shares outstanding at beginning of year | 16,041 | 15,949 |\n| Weighted average common shares, basic | 16,223 | 16,041 |\n| Loss from per common share, basic | $(0.96) | $(1.50) |\n| Diluted: |  |  |\n| Weighted average common shares, basic | 16,223 | 16,041 |\n| Dilutive impact of stock options and restricted stock awards | — | — |\n| Weighted average common shares, basic | 16,223 | 16,041 |\n| Dilutive impact of stock options and restricted stock awards | — | — |\n| Weighted average common shares, basic | 16,223 | 16,041 |\n| Loss from per common share, basic | $(0.96) | $(1.50) |\n| Diluted: |  |\n| Weighted average common shares, basic | 16,223 | 16,041 |\n| Loss from per common share, basic | $(0",
      "csv_string_response": "$ (\\cdot) \\in \\mathbb{R}^{2.5}$.",
      "json_rows_response": "[\n  {\n    \"\": \"Net Loss\",\n    \"2019\": \"$(15,571)\",\n    \"2018\": \"$(24,122)\",\n    \"2018\": \"$(24,123)\"\n  },\n  {\n    \"\": \"Weighted average common shares, basic\",\n    \"2019\": \"16,223\",\n    \"2018\": \"$(24,122)\",\n    \"2018\": \"$(24,123)\",\n    \"2018\": \"$(24,123)\",\n    \"2018\": \"$(24,123)\",\n    \"2018\": \"$(24,123)\",\n    \"2018\": \"$(24,123)\",\n    \"2018\": \"$(24,123)\",\n    \"2018\": \"$(24,123)\",\n    \"2018\": \"$(24,123)\",\n    \"2018\": \"$(24,123)\",\n    \"2018\": \"$(24,123)\",\n    \"2018\": \"$(24,123)\",\n    \"2018\": \"$(24,123)\",\n    \"2018\": \"$(24,123)\",\n    \"2018\": \"$(24,123)\",\n    \"2018\": \"$(24,123)\",\n    \"2018\": \"$(24,123)\",\n    \"2018\": \"$(24,123)\",\n    \"2018\":"
    },
    {
      "id": "4b3c2031187f750d4dcd31c525e78352",
      "question": "How much was the restricted stock awards excluded from the computation of diluted earnings per share for the fiscal year ended 2019?",
      "gold_answer": [
        "308,000"
      ],
      "markdown_table_response": "Since the financial system was not able to meet the requirements of the financial system, the financial system was unable to meet the requirements of the financial system. Therefore, the financial system was unable to meet the requirements of the financial system.",
      "csv_string_response": "The contestants' answers are presented in the following rules:",
      "json_rows_response": "[\n  {\n    \"\": \"Net Loss\",\n    \"2019\": \"$(0.96)\",\n    \"2018\": \"$(24,122)\",\n    \"2019\": \"$(24,118)\",\n    \"2018\": \"$(8,72)\",\n    \"2018\": \"$(8,73)\",\n    \"2018\": \"$(8,75)\",\n    \"2018\": \"$(8,76)\",\n    \"2018\": \"$(8,75)\",\n    \"2018\": \"$(8,76)\",\n    \"2018\": \"$(8,75)\",\n    \"2018\": \"$(8,76)\",\n    \"2018\": \"$(8,75)\",\n    \"2018\": \"$(8,75)\",\n    \"2018\": \"$(8,75)\",\n    \"2018\": \"$(8,75)\",\n    \"2018\": \"$(8,75)\",\n    \"2018\": \"$(8,75)\",\n    \"2018\": \"$(8,75)\",\n    \"2018\": \"$(8,75)\",\n    \"2018\": \"$(8,75)\",\n    \"2018\": \"$(8,75)\",\n    \"2018\": \"$(8,75)\",\n    \"2018\": \"$(8,75)\",\n    \"2018\": \"$(8,75)\",\n    \"2018"
    },
    {
      "id": "86d1ff2a8b97440929a5501cc3e95422",
      "question": "How much was the restricted stock awards excluded from the computation of diluted earnings per share for the fiscal year ended 2018?",
      "gold_answer": [
        "113,000"
      ],
      "markdown_table_response": "The number of shares for each round of the investment round is shown in Table 3 in the table below.",
      "csv_string_response": "$8,192.00\nThe amount of the restricted stock awards excluded from the computation of diluted earnings per share is the sum of the annualized weights and the diluted earnings per share.",
      "json_rows_response": "[\n  {\n    \"\": \"Weighted average shares outstanding in the day\",\n    \"2019\": \"16,259\",\n    \"2018\": \"$(24,122)\",\n    \"2018\": \"$(24,121)\",\n    \"2018\": \"$(24,122)\"\n  },\n  {\n    \"\": \"Weighted average shares outstanding in the day\",\n    \"2019\": \"16,236\",\n    \"2018\": \"$(31,571)\",\n    \"2018\": \"$(24,122)\"\n  },\n  {\n    \"\": \"Weighted average shares outstanding in the day\",\n    \"2019\": \"16,262\",\n    \"2018\": \"$(24,122)\",\n    \"2018\": \"$(24,121)\",\n    \"2018\": \"$(24,262)\"\n  },\n  {\n    \"\": \"Weighted average shares outstanding in the day\",\n    \"2019\": \"16,248\",\n    \"2018\": \"$(24,122)\",\n    \"2018\": \"$(24,121)\",\n    \"2018\": \"$(24,248)\",\n    \"2018\": \"$(24,122)\",\n    \"2018\": \"$(24,121)\",\n    \"2018\": \"$(24,"
    },
    {
      "id": "5ed8d13196996577f90d6859d29eab11",
      "question": "What is the change in Net Loss between December 31, 2018 and 2019?",
      "gold_answer": -8551,
      "markdown_table_response": "If the original question is not correct, I would like to review the explanation and comment below.",
      "csv_string_response": "* By the time the record is closed and the net loss has risen by 90% over the years, the net loss has decreased by 22% over the years, the net loss has increased by 6% over the years, the net loss has decreased by 7% over the years, and the net loss has been reduced by 11% over the years, and the net loss has increased by 7% over the years, with a net loss of 1.01% over the years, and the net loss has decreased by 8% over the years, and the net loss has increased by 3% over the years, and the net loss has increased by 6% over the years, the net loss has decreased by 2.3% over the years, and the net loss has increased by 7% over the years, and the net loss has increased by 8% over the years, and the net loss has decreased by 1.9% over the years, and the net loss has increased by 2.8% over the years, and the net loss has decreased by 4.4% over the years, and the net loss has increased by 1.6% over the years, and the net loss has increased by 3.9% over the years, and the net loss has",
      "json_rows_response": "If you are unsure of the process of the calculation of the net loss between December 31, 2018 and 2019, please review the following questions to determine the net loss between December 31, 2018 and 2019:"
    },
    {
      "id": "96d748677b3a2c0fd1d1633a6e07c931",
      "question": "What is the change in Weighted average common shares, basic between December 31, 2018 and 2019?",
      "gold_answer": 182,
      "markdown_table_response": "What is the change in Weighted average common shares, basic between December 31, 2019 and 2018?",
      "csv_string_response": "What is the change in Weighted average common shares, basic between December 31, 2018 and 2019?",
      "json_rows_response": "[\n  {\n    \"\": \"Weighted average shares outstanding at beginning of year\",\n    \"2019\": \"18,037\",\n    \"2018\": \"$(24,122)\",\n    \"2018\": \"$(24,123)\",\n    \"2019\": \"$(24,123)\",\n    \"2018\": \"$(24,123)\",\n    \"2018\": \"$(24,123)\",\n    \"2019\": \"$(24,123)\",\n    \"2018\": \"$(24,123)\",\n    \"2018\": \"$(24,123)\",\n    \"2019\": \"$(24,123)\",\n    \"2018\": \"$(24,123)\",\n    \"2019\": \"$(24,123)\",\n    \"2018\": \"$(24,123)\",\n    \"2019\": \"$(24,123)\",\n    \"2018\": \"$(24,123)\",\n    \"2019\": \"$(24,123)\",\n    \"2018\": \"$(24,123)\",\n    \"2019\": \"$(24,123)\",\n    \"2018\": \"$(24,123)\",\n    \"2019\": \"$(24,123)\",\n    \"2018\": \"$(24,123)\",\n    \"2018\": \"$(24,123)\",\n    \"2018\": \"$(24,123)\",\n    \"2019\": \"$(24"
    },
    {
      "id": "d5456ca70e50cb5a4a03b3cacb4c16e4",
      "question": "What is the average Net Loss for December 31, 2018 and 2019?",
      "gold_answer": 19846.5,
      "markdown_table_response": "|  | 2019 | 2019 |\n| --- | --- | --- |\n| Net Loss | $(45,577) | $(24,251) |\n| Net Loss | $(60,404) | $(1,599) | $(0,749) |\n| Net Loss | $(85,599) | $(11,021) | $(10,669) | $(12,122) |\n| Net Loss | $(89,600) | $(2,621) | $(2,4755) |\n| Net Loss | $(39,819) | $(6,3197) | $(8,6022) |\n| Net Loss | $(38,819) | $(2,3208) | $(2,4142) |\n| Net Loss | $(20,919) | $(2,4190) | $(2,6281) |\n| Net Loss | $(39,821) | $(11,032) | $(7,4709) | $(10,1231) |\n| Net Loss | $(24,919) | $(2,4148) | $(2,5203) |\n| Net Loss | $(53,9",
      "csv_string_response": "How long is the net loss for the table?",
      "json_rows_response": "The following question is a good summary of the issues discussed in the comments and questions. The answer is given in the following tables:"
    },
    {
      "id": "c15edaf2a46cb17046a93d98aff0e18e",
      "question": "In which years was the equity in net earnings of affiliates recorded for?",
      "gold_answer": [
        "2018",
        "2017"
      ],
      "markdown_table_response": "|  | December 31, |  |  |\n| --- | --- | --- | --- | --- |\n| (in thousands of $) | 2018 | 2017 | Change | % Change |\n| Share of net earnings in Golar Partners | 7,001 | 17,702 | (10,701) | (60)% |\n| Impairment of investment in Golar Partners | — | (15,000) | 17,702 | (10,701) | (60)% |\n| Share of net earnings in other affiliates | 3,001 | 793 | 2,918 | 374% |\n| Share of net earnings in other affiliates | 3,001 | 793 | 2,918 | 8,001 | 134% |\n| (in millions of dollars) | 2018 | 2017 | Change | % Change |\n| Share of net earnings in other affiliates | 2,001 | 793 | 2,918 | 9,001 | 6,918 | 6,500 | 6,500 | 6,500 | 6,500 | 6,500 | 6,500 | 6,500 | 6,500 | 6,500 | 6,500 | 6,500 | 6,500",
      "csv_string_response": ",,\"December 31,\",,\n(in thousands of $),2018,2017,Change,% Change\nShare of net earnings in other affiliates, including our 2% general partner interest in Golar Partners\" (15,371)\",\"2,975\",—,\"3,921\",—,\"5,922\",—,\"9,923\",—,\"3,983\",—,\"3,981\",—,\"3,981\",—,\"5,982\",—,\"5,983\",—,\"7,983\",—,\"3,982\",—,\"3,982\",—,\"6,984\",—,\"7,985\",—,\"6,986\",—,\"6,986\",—,\"7,986\",—,\"9,985\",—,\"5,986\",—,\"9,987\",—,\"6,987\",—,\"7,987\",—,\"7,987\",—,\"7,987\",—,\"6,988\",—,\"8,989\",—,\"8,990\",—,\"8,991\",—,\"9,992\",—,\"9,993\",—",
      "json_rows_response": "[\n  {\n    \"\": \"% Change\",\n    \"December 31,\": \"2017\"\n  },\n  {\n    \"\": \"100%\",\n    \"December 31,\": \"1,502\"\n  },\n  {\n    \"\": \"38.6%\",\n    \"December 31,\": \"3,002\"\n  },\n  {\n    \"\": \"1,548\"\n  },\n  {\n    \"\": \"98.3%\",\n    \"December 31,\": \"2,170\"\n  },\n  {\n    \"\": \"48.6%\",\n    \"December 31,\": \"3,002\"\n  },\n  {\n    \"\": \"38.6%\",\n    \"December 31,\": \"3,002\"\n  },\n  {\n    \"\": \"1,548\"\n  },\n  {\n    \"\": \"98.3%\",\n    \"December 31,\": \"2,017\"\n  },\n  {\n    \"\": \"53.5%\",\n    \"December 31,\": \"3,002\"\n  },\n  {\n    \"\": \""
    },
    {
      "id": "d8c3b0beee17b3099ac97dd4d71363c8",
      "question": "What does the share of net earnings in other affiliates represent?",
      "gold_answer": [
        "Represents our share of equity in Egyptian Company for Gas Services S.A.E (\"ECGS\") and Avenir LNG Limited (\"Avenir\")."
      ],
      "markdown_table_response": "What is the share of net earnings in other affiliates?",
      "csv_string_response": "As of December 31, 2018, a total of $6.3 million in equity in Avenir and Avenir is calculated according to the following equation.",
      "json_rows_response": "I am trying to explain the breakdown in net earnings of Avenir, and I have made a list of other affiliate partners to the following affiliates:"
    },
    {
      "id": "bd2b6555ad74c76f74cb479b0215eded",
      "question": "What was the impairment charge in 2018?",
      "gold_answer": [
        "$149.4 million"
      ],
      "markdown_table_response": "|  | March 29, 2018 |\n| --- | --- | --- | --- | --- |\n| (in thousands of $) | 2018 | 2017 | Change | % Change |\n| Share of net earnings in other affiliates | 3,731 | 17,702 | (10,701) | (60)% |\n| Impairment of investment in Golar Partners | — | (16,992) | 16,992 | 100% |\n| Share of net earnings in other affiliates | 3,731 | 16,702 | (10,701) | (60)% |\n| Impairment of investment in Golar Partners | — | (16,997) | 16,993 | 100% |\n| Share of net earnings in other affiliates | 3,731 | 17,702 | (10,701) | (60)% |\n| Impairment of investment in Golar Partners | — | (16,992) | 16,993 | 100% |\n| Share of net earnings in other affiliates | 3,731 | 17,702 | (10,701) | (60)% |\n| Impairment of investment in Golar Partners | — | (16,",
      "csv_string_response": "This is a summary of the Golar Partners' (cost) losses in the year ended December 31, 2018. The Golar Partners' (cost) losses in the year ended December 31, 2018.",
      "json_rows_response": "[\n  {\n    \"\": \"EPS\",\n    \"December 31,\": \"2017\"\n  },\n  {\n    \"\": \"EPS\",\n    \"December 31,\": \"17,702\"\n  },\n  {\n    \"\": \"EPS\",\n    \"December 31,\": \"1,503\"\n  },\n  {\n    \"\": \"EPS\",\n    \"December 31,\": \"1,507\"\n  },\n  {\n    \"\": \"EPS\",\n    \"December 31,\": \"1,507\"\n  },\n  {\n    \"\": \"EPS\",\n    \"December 31,\": \"1,507\"\n  },\n  {\n    \"\": \"EPS\",\n    \"December 31,\": \"1,507\"\n  },\n  {\n    \"\": \"EPS\",\n    \"December 31,\": \"1,507\"\n  },\n  {\n    \"\": \"EPS\",\n    \"December 31,\": \"1,507\"\n  },\n  {\n    \"\": \"EPS\",\n    \"December 31,\": \"1,507\""
    },
    {
      "id": "950d3e112894876f8cd653b74acec222",
      "question": "In which year was the share of net earnings in Golar Partners higher?",
      "gold_answer": [
        "2017"
      ],
      "markdown_table_response": "|  | December 31, |  |  |\n| --- | --- | --- | --- | --- |\n| (in thousands of $) | 2018 | 2017 | Change |\n| Share of net earnings in other affiliates | 2,916 | 9,202 | (10,668) | (5,200) |\n| Share of net earnings in other affiliates | 2,916 | 2,821 | (40,652) | (3,301) |\n| Share of net earnings in other affiliates | 3,621 | 9,414 | (11,829) | (5,829) |\n| Share of net earnings in other affiliates | 4,548 | 10,020 | (9,528) | (2,519) |\n| Share of net earnings in other affiliates | 4,027 | 10,823 | (4,829) | (3,918) |\n| Share of net earnings in other affiliates | 4,002 | 6,152 | (11,736) | (6,803) |\n| Share of net earnings in other affiliates | 4,079 | 9,736 | (8,923) | (3",
      "csv_string_response": ",",
      "json_rows_response": "[\n  {\n    \"\": \"% Change\",\n    \"December 31, 2018\": \"2017\"\n  },\n  {\n    \"\": \"100%\",\n    \"December 31, 2018\": \"2017\"\n  },\n  {\n    \"\": \"184.97\",\n    \"December 31, 2018\": \"2017\"\n  },\n  {\n    \"\": \"37.62\",\n    \"December 31, 2018\": \"2017\"\n  },\n  {\n    \"\": \"100%\",\n    \"December 31, 2018\": \"2017\"\n  },\n  {\n    \"\": \"4.6%\",\n    \"December 31, 2018\": \"2017\"\n  },\n  {\n    \"\": \"4.8%\",\n    \"December 31, 2018\": \"2017\"\n  },\n  {\n    \"\": \"184.97\",\n    \"December 31, 2018\": \"2017\"\n  },\n  {\n    \"\": \"4.6%\",\n    \"December 31, 2018\": \"2017\"\n  },\n  {\n    \"\": \"5.2%\",\n    \"December 31, 2018\": \""
    },
    {
      "id": "a3cf146e980b2ff2f80d9784df890ffe",
      "question": "What was the change in ownership interest held in Golar Partners?",
      "gold_answer": 0.2,
      "markdown_table_response": "For the purpose of deciding what is the difference between a stock price and a price of money, the value of the stock is a question of stock price, not an answer. If the answer is yes, the value of the stock is a question of stock price. The answer is a question of stock price, not an answer of stock price. The answer is a question of stock price, not an answer of stock price. The answer is a question of stock price, not an answer of stock price. The answer is a question of stock price, not an answer of stock price. The answer is a question of stock price, not an answer of stock price. The answer is a question of stock price, not an answer of stock price. The answer is a question of stock price, not an answer of stock price. The answer is a question of stock price, not an answer of stock price. The answer is a question of stock price, not an answer of stock price. The answer is a question of stock price, not an answer of stock price. The answer is a question of stock price, not an answer of stock price. The answer is a question of stock price, not an answer of stock price. The answer is a question of stock price, not an",
      "csv_string_response": "Which was the changes in ownership interest held in Golar Partners in the past?",
      "json_rows_response": "What was the change in ownership interest held in Golar Partners?"
    },
    {
      "id": "fe113b8aef0f01f9d48afe157fd98009",
      "question": "What was the percentage change in share of net earnings in other affiliates between 2018 and 2017?",
      "gold_answer": 367.97,
      "markdown_table_response": "|  | December 31, |  |  |\n| --- | --- | --- | --- | --- |\n| (in thousands of $) | 2018 | 2017 | Change | % Change |\n| Share of net earnings in other affiliates | 3,742 | 793 | 2,918 | 376% |\n| Impairment of net earnings in Golar Partners | — | (16,092) | 16,092 | 100% |\n| Share of net earnings in other affiliates | 3,742 | 793 | 2,918 | 376% |\n| Impairment of net earnings in other affiliates | — | (16,093) | 16,093 | 100% |\n| Share of net earnings in other affiliates | 3,742 | 793 | 2,918 | 368% |\n| Impairment of net earnings in other affiliates | — | (16,092) | 2,918 | 366% |\n| Share of net earnings in other affiliates | 3,742 | 793 | 2,919 | 4,041 | 36% |\n| Impairment of net earnings in other affiliates | — | (16,093) | 4,093 |",
      "csv_string_response": "What is the percentage change in net earnings in other affiliates between 2018 and 2017?",
      "json_rows_response": "[\n  {\n    \"\": \"% Change\",\n    \"December 31,\": \"2017\"\n  },\n  {\n    \"\": \"1.5%\",\n    \"December 31,\": \"2017\"\n  },\n  {\n    \"\": \"2.5%\",\n    \"December 31,\": \"2017\"\n  },\n  {\n    \"\": \"3.3%\",\n    \"December 31,\": \"2017\"\n  },\n  {\n    \"\": \"4.3%\",\n    \"December 31,\": \"2017\"\n  },\n  {\n    \"\": \"2.5%\",\n    \"December 31,\": \"2017\"\n  },\n  {\n    \"\": \"4.3%\",\n    \"December 31,\": \"2017\"\n  },\n  {\n    \"\": \"2.5%\",\n    \"December 31,\": \"2017\"\n  },\n  {\n    \"\": \"2.5%\",\n    \"December 31,\": \"2017\"\n  },\n  {\n    \"\": \"2.5%\",\n    \"December 31,\": \"2017\""
    },
    {
      "id": "31de4c7e3b4a52ae2cc5a7033d2c209f",
      "question": "What was the amount of government grants included within payments received on account in 2018?",
      "gold_answer": [
        "$0.4 million"
      ],
      "markdown_table_response": "The first question asked to be answered on the \"What is the amount of government grants included within the payment received on account in 2018?",
      "csv_string_response": "13.3 and 1.2\nGeneral Accounting for Accounting for Accounting for Accounting for Accounting for Accounting for Accounting for Accounting for Accounting for Accounting for Accounting for Accounting for Accounting for Accounting for Accounting for Accounting for Accounting for Accounting for Accounting for Accounting for Accounting for Accounting for Accounting for Accounting for Accounting for Accounting for Accounting for Accounting for Accounting for Accounting for Accounting for Accounting for Accounting for Accounting for Accounting for Accounting for Accounting for Accounting for Accounting for Accounting for Accounting for Accounting for Accounting for Accounting for Accounting for Accounting for Accounting for Accounting for Accounting for Accounting for Accounting for Accounting for Accounting for Accounting for Accounting for Accounting for Accounting for Accounting for Accounting for Accounting for Accounting for Accounting for Accounting for Accounting for Accounting for Accounting for Accounting for Accounting for Accounting for Accounting for Accounting for Accounting for Accounting for Accounting for Accounting for Accounting for Accounting for Accounting for Accounting for Accounting for Accounting for Accounting for Account",
      "json_rows_response": "[\n  {\n    \"\": \"Note\",\n    \"2019\": \"$ million\",\n    \"2018\": \"$ million\"\n  },\n  {\n    \"\": \"\",\n    \"2019\": \"$ million\",\n    \"2018\": \"$ million\"\n  },\n  {\n    \"\": \"\",\n    \"2019\": \"$ million\",\n    \"2018\": \"$ million\"\n  },\n  {\n    \"\": \"\",\n    \"2019\": \"$ million\",\n    \"2018\": \"$ million\"\n  },\n  {\n    \"\": \"\",\n    \"2019\": \"$ million\",\n    \"2018\": \"$ million\"\n  },\n  {\n    \"\": \"\",\n    \"2019\": \"$ million\",\n    \"2018\": \"$ million\"\n  },\n  {\n    \"\": \"\",\n    \"2019\": \"$ million\",\n    \"2018\": \"$ million\"\n  },\n  {\n    \"\": \"\",\n    \"2019\": \"$ million\",\n    \"2018\": \"$ million\"\n  },\n  {\n    \"\": \"\",\n    \"2019\": \"$ million\",\n    \"2018\": \"$ million\"\n  },\n  {\n    \"\": \"\","
    },
    {
      "id": "af892083cb5823b4e81bc4a18d0162db",
      "question": "What was the amount of government grants included within other payables in 2018?",
      "gold_answer": [
        "$1.0 million"
      ],
      "markdown_table_response": "|  |  |  | 2019 |\n| --- | --- | --- | --- | --- |\n| Note | $1.9 | 1.3 | 1.2 |\n| A week |  |  |  |\n| Trade payables |  | 0.8 | 4.5 |\n| Government grants |  | 4.6 | 3.7 |\n| Other taxes and social security costs |  | 0.9 | 1.0 |\n| Government grants |  | 2.6 | 1.7 |\n| Other costs |  | 4.8 | 3.8 |\n| Other expenses |  | 0.5 | 0.3 |\n| Government grants |  | 2.3 | 0.3 |\n| Other taxes and social security costs |  | 0.9 | 1.0 |\n| Government grants |  | 0.6 | 0.7 |\n| Other expenses |  | 0.9 | 0.6 |\n| Government grants |  | 2.2 | 0.2 |\n| Other costs |  | 4.9 | 3.8 |\n| Other expenses |  | 0.9 | 1.0 |\n| Government",
      "csv_string_response": "Yes, the following are the maximum amount of government grants included within the public payable economy:",
      "json_rows_response": "(The amount of government grants received on account and accrued during the period of the loan)."
    },
    {
      "id": "9d95aa351a2e1411257da6b6a442fde8",
      "question": "What are the components under Non-current?",
      "gold_answer": [
        "Other payables",
        "Government grants"
      ],
      "markdown_table_response": "|  | 2019 | 2019 |\n| --- | --- | --- | --- |\n| TOTAL | $1,900 | $2,650 | $3,502 |\n| Payments received on account1 |  | 2.3 | 1.0 |\n| Other taxes and social security costs |  | 4.6 | 3.7 |\n| Taxes and other taxes and social security costs |  | 4.2 | 4.6 |\n| Taxes and other taxes and social security costs |  | 4.5 | 3.7 |\n| Other taxes and social security costs |  | 4.5 | 4.8 |\n| Taxes and other taxes and social security costs |  | 4.9 | 4.9 |\n| Other taxes and social security costs |  | 4.2 | 4.0 |\n| Other taxes and social security costs |  | 4.2 | 4.0 |\n| Other taxes and social security costs |  | 4.3 | 4.7 |\n| Other taxes and social security costs |  | 4.4 | 4.9 |\n| Other taxes and social security costs |  | 4.5 | 4.9 |",
      "csv_string_response": "1.1. The total amount of trade payable by the government?",
      "json_rows_response": "[\n  {\n    \"\": \"Pending\",\n    \"2019\": \"$ million\",\n    \"2018\": \"$ million\",\n    \"2018\": \"$ million\"\n  }\n]"
    },
    {
      "id": "e889992d8d5f42d5dd5c22334015ffc6",
      "question": "In which year was the amount of Accruals larger?",
      "gold_answer": [
        "2019"
      ],
      "markdown_table_response": "|  | 2019 | 2018 |\n| --- | --- | --- | --- |\n| See Note | $ million | $ million |\n| Current |  |  |  |\n| Trade payables |  | 4.6 | 3.7 |\n| Other taxes and social security costs |  | 1.9 | 4.5 |\n| Other taxes and social security costs |  | 4.6 | 3.8 |\n| Other payables |  | 0.8 | 3.9 |\n| Other taxes and social security costs |  | 1.8 | 1.2 |\n| Other taxes and social security costs |  | 4.6 | 3.7 |\n| Other taxes and social security costs |  | 4.9 | 3.8 |\n| Other taxes and social security costs |  | 1.9 | 1.3 |\n| Other taxes and social security costs |  | 4.9 | 4.5 |\n| Other taxes and social security costs |  | 1.6 | 4.9 |\n| Other taxes and social security costs |  | 4.1 | 4.2 |\n| Other taxes and social security costs |  | 2.5 |",
      "csv_string_response": "1. Accruals of",
      "json_rows_response": "This is the first time that the Secretary has asked this question to be completed, and the Secretary has asked this question to be conducted in three quarters."
    },
    {
      "id": "e2164a95603660da8e3b21396f51c71d",
      "question": "What was the change in the amount of Accruals?",
      "gold_answer": 6.1,
      "markdown_table_response": "If the items of this question were to be paid in the current amount of Accruals, how many would the items of the question, if the items were to be paid in the future amount, the amount would be, if the items were to be paid in the future, the amount would be, if the items were to be paid in the future, the amount would be, if the items were to be paid in the future, the amount would be, if the items were to be paid in the future, the amount would be, if the items were to be paid in the future, the amount would be, if the items were to be paid in the future, the amount would be, if the items were to be paid in the future, the amount would be, if the items were to be paid in the future, the amount would be, if the items were to be paid in the future, the amount would be, if the items were to be paid in the future, the amount would be, if the items were to be paid in the future, the amount would be, if the items were to be paid in the future, the amount would be, if the items were to be paid in the future, the amount would be, if the items",
      "csv_string_response": "(1)",
      "json_rows_response": "[\n  {\n    \"\": \"Status\",\n    \"2019\": \"$000\",\n    \"2018\": \"$000\"\n  },\n  {\n    \"\": \"Status\",\n    \"2019\": \"$000\",\n    \"2018\": \"$000\"\n  },\n  {\n    \"\": \"Status\",\n    \"2019\": \"$000\",\n    \"2018\": \"$000\"\n  },\n  {\n    \"\": \"Status\",\n    \"2019\": \"$000\",\n    \"2018\": \"$000\"\n  },\n  {\n    \"\": \"Status\",\n    \"2019\": \"$000\",\n    \"2018\": \"$000\"\n  },\n  {\n    \"\": \"Status\",\n    \"2019\": \"$000\",\n    \"2018\": \"$000\"\n  },\n  {\n    \"\": \"Status\",\n    \"2019\": \"$000\",\n    \"2018\": \"$000\"\n  },\n  {\n    \"\": \"Status\",\n    \"2019\": \"$000\",\n    \"2018\": \"$000\"\n  },\n  {\n    \"\": \"Status\",\n    \"2019\": \"$000\",\n    \"2018\":"
    },
    {
      "id": "44caa96068a5c3f6e3584d1b363568f9",
      "question": "What was the percentage change in the amount of Accruals?",
      "gold_answer": 14.12,
      "markdown_table_response": "|  | 2019 | 2018 |\n| --- | --- | --- | --- |\n| Notes | $0.6 | 0.7 | 0.8 |\n| Notes | $0.5 | 0.8 | 0.9 |\n| Notes | $0.2 | 0.4 | 0.8 |\n| Notes | $0.3 | 0.5 | 0.6 |\n| Notes | $0.5 | 0.6 | 0.7 |\n| Notes | $0.2 | 0.8 | 0.9 |\n| Notes | $0.5 | 0.8 | 0.7 |\n| Notes | $0.3 | 0.8 | 0.9 |\n| Notes | $0.6 | 0.8 | 0.7 |\n| Notes | $0.2 | 0.8 | 0.8 |\n| Notes | $0.3 | 0.9 | 0.6 |\n| Notes | $0.3 | 0.8 | 0.9 |\n| Notes | $0.4 | 0.8 | 0.9 |\n| Notes | $0.2 | 0.7 | 0.8 |",
      "csv_string_response": "-1,0%",
      "json_rows_response": "Is the total change in the amount of Accruals paid on account and accruals?"
    },
    {
      "id": "8672c940043ce90c4ab20460bcd7d856",
      "question": "What was the domestic pretax income in 2019?",
      "gold_answer": [
        "$(20,597)"
      ],
      "markdown_table_response": "Question",
      "csv_string_response": "What was the domestic pretax income in 2019?",
      "json_rows_response": "How do you check and adjust the income distribution for income from continuing operations?"
    },
    {
      "id": "26feaea6d5580fed35f9b06439f05bb1",
      "question": "What was the foreign pretax income in 2018?",
      "gold_answer": [
        "150,051"
      ],
      "markdown_table_response": "The foreign pretax income in 2018 is shown in Figure 2.2. This is the same income in your table with the first sentence. The total number of foreign pretax income is shown in Figure 2.3.",
      "csv_string_response": "What was the foreign pretax income in 2018?",
      "json_rows_response": "This is the final answer that is the final answer that is the final answer that is the final answer that is the final answer that is the final answer that is the final answer that is the final answer that is the final answer that is the final answer that is the final answer that is the final answer that is the final answer that is the final answer that is the final answer that is the final answer that is the final answer that is the final answer that is the final answer that is the final answer that is the final answer that is the final answer that is the final answer that is the final answer that is the final answer that is the final answer that is the final answer that is the final answer that is the final answer that is the final answer that is the final answer that is the final answer that is the final answer that is the final answer that is the final answer that is the final answer that is the final answer that is the final answer that is the final answer that is the final answer that is the final answer that is the final answer that is the final answer that is the final answer that is the final answer that is the final answer that is the final answer that is the final answer that is the final answer that is the final answer that is the final answer that"
    },
    {
      "id": "98095ddf8ff4e200e3ce347fe3322987",
      "question": "What does the table represent?",
      "gold_answer": [
        "geographic distribution of pretax income from continuing operations"
      ],
      "markdown_table_response": "|  | Year Ended December 31, |  | Total|\n| --- | --- | --- |\n| Total | Total | Total | Total | Total | Total | Total | Total | Total | Total | Total | Total | Total | Total | Total | Total | Total | Total | Total | Total | Total | Total | Total | Total | Total | Total | Total | Total | Total | Total | Total | Total | Total | Total | Total | Total | Total | Total | Total | Total | Total | Total | Total | Total | Total | Total | Total | Total | Total | Total | Total | Total | Total | Total | Total | Total | Total | Total | Total | Total | Total | Total | Total | Total | Total | Total | Total | Total | Total | Total | Total | Total | Total | Total | Total | Total | Total | Total | Total | Total | Total | Total | Total | Total | Total | Total | Total | Total | Total | Total | Total | Total | Total | Total | Total | Total | Total | Total | Total | Total | Total | Total | Total | Total | Total | Total | Total | Total | Total | Total | Total | Total | Total | Total | Total | Total |",
      "csv_string_response": "There is no need to use the table data for the two most recent answers from the solution and the accompanying text.",
      "json_rows_response": "$33,094,4.05,6,7,8,9,10,11,12,13,14,15,16,17,18,19,20,21,22,23,24,25,26,27,28,29,30,32,33,34,35,36,37,38,39,40,41,42,43,44,45,46,47,48,49,50,51,52,53,54,55,56,57,58,59,60,61,62,63,64,65,66,67,68,69,70,71,72,73,74,75,76,77,78,79,80,81,82,83,84,85,86,87,88,89,90,91,92,93,94,95,96,97,98,99,100,101,102,103,104,105,106,107,108,110,111,112,113,114,115,116,117,118,119,120,121,122,123,124,125,126,127,128,129,130,131"
    },
    {
      "id": "18215b5f92b53e7dc9e7af68725e9905",
      "question": "What was the change in foreign pretax income between 2018 and 2019?",
      "gold_answer": -62260,
      "markdown_table_response": "The proportion of pretax income among the pretax income of 2019 in the year before the end of the 2018/2019 season, or between the year before the end of the 2018/2019 season.",
      "csv_string_response": "How did the foreign pretax income on the basis of the income from the capital gain (and the total income) of the capital gains, and the foreign pretax income from the capital gain (and the total income) of the capital gains, on the basis of the total income?",
      "json_rows_response": "Question number 3.1:"
    },
    {
      "id": "5a34f560307e440d8b4e9e4333a7efb7",
      "question": "What was the change in domestic pretax income between 2018 and 2017?",
      "gold_answer": -6763,
      "markdown_table_response": "Does the federal government have any control over domestic pretax income?",
      "csv_string_response": "What was the use of domestic pretax income from continued operations in 2018?",
      "json_rows_response": "The following answer should be considered:"
    },
    {
      "id": "ad5fb75b151c6c6ef20fc77c0f913087",
      "question": "What was the percentage change in total pretax income between 2018 and 2019?",
      "gold_answer": -61.02,
      "markdown_table_response": "The total pretax income between 2018 and 2019?",
      "csv_string_response": "How did the total pretax income change in 2018?",
      "json_rows_response": "Question 1 - The percentage change in total pretax income between 2018 and 2019?"
    },
    {
      "id": "ed068893e5c7da139200fb442044ba9a",
      "question": "What was the valuation of the leased equipment as part of the finance lease agreements that the company entered on December 31, 2019?",
      "gold_answer": [
        "13.7"
      ],
      "markdown_table_response": "|  | December 31, |  |\n| --- | --- | --- | --- |\n| --- | 2019 |\n| Land | $11.9 | $11.9 |\n| Buildings and improvements | 81.2 | 71.1 |\n| Leasehold improvements | 7.1 | 6.7 |\n| Computer equipment | 234.1 | 208.9 |\n| Furniture, fixtures and other equipment | 19.8 | 19.0 |\n| Property and equipment | 228.7 | 208.9 |\n| Accompanying Text | 1.9 | 1.0 |\n| Leasehold improvements | 9.6 | 6.7 |\n| Computer equipment | 234.1 | 208.9 |\n| Furniture, fixtures and other equipment | 11.2 | 11.0 |\n| Property and equipment | 117.5 | 9.6 |\n| Accompanying Text | 3.2 | 3.3 |\n| Land | $16.8 | $16.1 |\n| Buildings and improvements | 61.5 | 59.6 |\n| Leasehold improvements | 9.6 | 6.8 |\n| Computer equipment | 230",
      "csv_string_response": "\"The balance sheet\" and \"the balance sheet\", as are the corresponding payment statements.",
      "json_rows_response": "[\n  {\n    \"\": \"2019\",\n    \"December 31,\": \"1,002,030,000,000,000,000,000,000,000,000,000,000,000,000,000,000,000,000,000,000,000,000,000,000,000,000,000,000,000,000,000,000,000,000,000,000,000,000,000,000,000,000,000,000,000,000,000,000,000,000,000,000,000,000,000,000,000,000,000,000,000,000,000,000,000,000,000,000,000,000,000,000,000,000,000,000,000,000,000,000,000,000,000,000,000,000,000,000,000,000,000,000,000,000,000,000,000,000,000,000,000,000,000,000,000,000,000,000,000,000,000,000,000,000,000,000,000,000"
    },
    {
      "id": "1fbb0a7ac1cf2d8da88e43bd10e902aa",
      "question": "Which years does the table provide information for the company's property and equipment?",
      "gold_answer": [
        "2019",
        "2018"
      ],
      "markdown_table_response": "|  | December 31, |  |\n| --- | --- | --- |\n|  | 2019 | 2018 |\n| Land | $11.9 | $11.9 |\n| Buildings and improvements | 81.2 | 71.1 |\n| Leasehold improvements | 7.1 | 6.7 |\n| Computer equipment | 234.1 | 208.9 |\n| Furniture, fixtures and other equipment | 11.2 | 11.0 |\n| Property and equipment | 345.5 | 309.6 |\n| Accumulated depreciation and amortization | (168.6) | (132.5) |\n| Property and equipment | 345.5 | 309.6 |\n| Accumulated depreciation and amortization | (168.6) | (132.5) |\n| Leasehold improvements | 7.1 | 8.7 |\n| Computer equipment | 234.1 | 208.9 |\n| Furniture, fixtures and other equipment | 11.2 | 11.0 |\n| Property and equipment | 345.5 | 309.6 |\n| Accumulated depreciation and amortization | (168.6) | (132",
      "csv_string_response": "What are the underlying charges that the company has on the same or similar items?",
      "json_rows_response": "(1) The following table:"
    },
    {
      "id": "3d6c31142e7603dc99e28ec725358ac3",
      "question": "What was the amount of Land in 2018?",
      "gold_answer": [
        "11.9"
      ],
      "markdown_table_response": "|  | December 31, |  |\n| --- | --- | --- |\n|  | 2019 | 2018 |\n| Land | $7.7 | $3.9 |\n| Building materials | $6.7 | $9.5 |\n| Leasehold improvements | $12.9 | $8.2 |\n| Leasehold improvements | $11.8 | $5.6 |\n| Financing lease | $2.1 | $2.9 |\n| Financing lease | $5.3 | $2.5 |\n| Leasehold improvements | $2.3 | $2.5 |\n| Leasehold improvements | $2.3 | $2.0 |\n| Leasehold improvements | $2.7 | $2.5 |\n| Financing lease | $3.3 | $2.0 |\n| Leasehold improvements | $2.0 | $2.5 |\n| Leasehold improvements | $2.4 | $2.0 |\n| Leasehold improvements | $2.8 | $2.5 |\n| Leasehold improvements | $2.5 | $2.0 |",
      "csv_string_response": "\"No amount of Land is required to be used by any Government for any purpose other than to assist any Government for any purpose other than to assist any Government on any Government or any Government for any purpose other than to assist any Government on any Government or Government for any purpose other than to assist any Government on any Government on any Government or Government for any purpose other than to assist any Government on any Government or Government for any purpose other than to assist any Government on any Government or Government for any purpose other than to assist any Government on any Government or Government for any purpose other than to assist any Government on any Government or Government for any Government on any Government or Government for any purpose other than to assist any Government on any Government or Government for any Government for any Government on any Government or Government for any Government on any Government or Government for any Government on any Government or Government for any Government on any Government for any Government on any Government or Government for any Government on any Government or Government for any Government on any Government or Government for any Government on any Government on any Government or Government for any Government on any Government for any Government on any Government or Government for any Government on any Government for any Government on any Government or Government for any Government for any Government on any Government or Government for any Government",
      "json_rows_response": "[\n  {\n    \"\": \"2018\",\n    \"December 31,\": \"2017\"\n  },\n  {\n    \"\": \"2018\",\n    \"December 31,\": \"2018\"\n  },\n  {\n    \"\": \"2018\",\n    \"December 31,\": \"2017\"\n  },\n  {\n    \"\": \"2018\",\n    \"December 31,\": \"2017\"\n  },\n  {\n    \"\": \"2018\",\n    \"December 31,\": \"2018\"\n  },\n  {\n    \"\": \"2018\",\n    \"December 31,\": \"2017\"\n  },\n  {\n    \"\": \"2018\",\n    \"December 31,\": \"2017\"\n  },\n  {\n    \"\": \"2018\",\n    \"December 31,\": \"2017\"\n  },\n  {\n    \"\": \"2018\",\n    \"December 31,\": \"2017\"\n  },\n  {\n    \"\": \"2018\",\n    \"December 31,\": \"2017\"\n  },\n  {\n    \"\": \"2018\",\n    \"December 31,\": \"2017\"\n  },"
    },
    {
      "id": "7822c08381f47d253e30e315b8c7cf03",
      "question": "How many years did furniture, fixtures and other equipment exceed $10 million?",
      "gold_answer": "2",
      "markdown_table_response": "|  | December 31, |  |\n| --- | --- | --- |\n|  | 2019 | 2018 |\n| Land | $10.9 | $11.9 |\n| Buildings and improvements | 81.2 | 71.1 |\n| Leasehold improvements | 6.1 | 6.9 |\n| Computer equipment | 230.2 | 206.9 |\n| Furniture, fixtures and other equipment | 9.3 | 9.1 |\n| Property and equipment | 8.4 | 8.9 |\n| Leasehold improvements | 3.6 | 3.7 |\n| Automation | 57.2 | 68.7 |\n| Industrial | 7.1 | 6.3 |\n| Computer equipment | 249.3 | 208.9 |\n| Furniture, fixtures and other equipment | 8.5 | 8.9 |\n| Property and equipment | 3.6 | 3.7 |\n| Automation | 47.8 | 46.8 |\n| Leasehold improvements | 3.1 | 3.1 |\n| Leasehold improvements | 1.9 | 1.0 |\n| Leasehold improvements | 1.8 | 1.1",
      "csv_string_response": "(7) For more information, please visit http://www.furniturebusiness.com/do-you-want-to-update-the-purchase-and-future-of-the-purchase-and-future-of-the-purchase-and-future-of-the-purchase-and-future-of-the-purchase-and-future-of-the-purchase-and-future-of-the-purchase-and-future-of-the-purchase-and-future-of-the-purchase-and-future-of-the-purchase-and-future-of-the-purchase-and-future-of-the-purchase-and-future-of-the-purchase-and-future-of-the-purchase-and-future-of-the-purchase-and-future-of-the-purchase-and-future-of-the-purchase-and-future-of-the-purchase-and-future-of-the-purchase-and-future-of-the-purchase-and-future-of-the-purchase-and",
      "json_rows_response": "$10.00 million, net of prepaid maintenance and $1 million of imputed interest, and is included in Property and equipment, net on the Consolidated Balance Sheets. Refer to Note 12 — Long-Term Debt for additional information related to our finance leases."
    },
    {
      "id": "81874d7dc91a57a810a23414c15c22bc",
      "question": "What was the change in leasehold improvements between 2018 and 2019?",
      "gold_answer": 0.4,
      "markdown_table_response": "|  | January 16, 2019 |\n| --- | November 16, 2019 |\n|  | 2018 |\n| Land | $11.9 | $11.9 |\n| Buildings and improvements | 83.2 | 71.3 |\n| Leasehold improvements | 6.4 | 3.3 |\n| Computer equipment | 203.3 | 118.5 |\n| Furniture, fixtures and other equipment | 21.1 | 21.6 |\n| Property and equipment | 156.7 | 69.4 |\n| Accumulated depreciation and amortization | 0.2 | 2.9 |\n| Operating cost | 4.9 | 6.8 |\n| Leasehold improvements | 3.8 | 2.2 |\n| computer equipment | 68.2 | 71.4 |\n| Property and equipment | 108.2 | 48.7 |\n| Accompanying Text",
      "csv_string_response": ",\"February 1, 2019,\n,2019,2018\n,2019,2018\n,2019,2018\n,2019,2018\n,2019,2018\n,2019,2018\n,2019,2018\n,2019,2018\n,2019,2018\n,2019,2018\n,2019,2018\n,2019,2018\n,2019,2018\n,2019,2018\n,2019,2018\n,2019,2018\n,2019,2018\n,2019,2018\n,2019,2018\n,2019,2018\n,2019,2018\n,2019,2018\n,2019,2018\n,2019,2018\n,2019,2018\n,2019,2018\n,2019,2018\n,2019,2018\n,2019,2018\n,2019,2018\n,2019,2018\n,2019,2018\n,2019,2018\n,2019,2018\n,2019,2018\n,2019,2018\n,2019,2018\n,2019,2018\n,2019,2018\n,2019,2018\n,2019,2018\n,2019,2018\n,2019,2018\n,2019,2018\n,2019,2018\n,2019,2018\n,2019,2018\n,2019,2018\n,2019,2018\n,2019,2018",
      "json_rows_response": "(8) Property and Equipment\n$11.9 million, net of prepaid maintenance and $0.3 million of imputed interest, and is included in Property and equipment, net on the Consolidated Balance Sheets. Refer to Note 12 — Long-Term Debt for additional information related to our finance leases."
    },
    {
      "id": "1a2371ab2c921d1edad3b027b8c30168",
      "question": "What was the percentage change in the net property and equipment between 2018 and 2019?",
      "gold_answer": -0.11,
      "markdown_table_response": "|  | December 31, |  |\n| --- | --- | --- | --- |\n|  | 2019 | 2018 |\n| Land | $7.1 | $2 |\n| Buildings and improvements | 81.2 | 71.1 |\n| Leasehold improvements | 7.1 | 6.7 |\n| Computer equipment | 234.1 | 208.9 |\n| Furniture, fixtures and other equipment | 11.2 | 11.0 |\n| Property and equipment | 345.5 | 309.6 |\n| Accumulated depreciation and amortization | (168.6) | (132.5) |\n| Property and equipment, net | $176.9 | $177.1 |",
      "csv_string_response": "\"During the year 2019, the net property and equipment was valued at $1.5 million, net of prepaid maintenance and $0.3 million, net of prepaid maintenance and $0.1 million, net of prepaid maintenance and $0.3 million, net of liabilities, and is included in Property and equipment.",
      "json_rows_response": "The net property is an item of debt between the equipment and the product."
    },
    {
      "id": "06db77f85f3558fa8de6466de9e3cb78",
      "question": "What is the respective revenue from Asia Pacific in 2018 and 2019?",
      "gold_answer": [
        "$4,905",
        "$3,049"
      ],
      "markdown_table_response": "What is the source of the revenue from Asia Pacific in 2018 and 2019?",
      "csv_string_response": "How many people are there in 2018 or 2019?",
      "json_rows_response": "[\n  {\n    \"\": \"\",\n    \"Fiscal Years\": \"2018\"\n  },\n  {\n    \"\": \"\",\n    \"Fiscal Years\": \"2018\"\n  },\n  {\n    \"\": \"\",\n    \"Fiscal Years\": \"2018\"\n  },\n  {\n    \"\": \"\",\n    \"Fiscal Years\": \"2018\"\n  },\n  {\n    \"\": \"\",\n    \"Fiscal Years\": \"2018\"\n  },\n  {\n    \"\": \"\",\n    \"Fiscal Years\": \"2018\"\n  },\n  {\n    \"\": \"\",\n    \"Fiscal Years\": \"2018\"\n  },\n  {\n    \"\": \"\",\n    \"Fiscal Years\": \"2018\"\n  },\n  {\n    \"\": \"1,280\",\n    \"Fiscal Years\": \"2,015\"\n  },\n  {\n    \"\": \"\",\n    \"Fiscal Years\": \"2018\"\n  },\n  {\n    \"\": \"1,280\",\n    \"Fiscal Years\": \"2,015\"\n  },"
    },
    {
      "id": "b7956e54597e51fdf9dfea1b83dcf31d",
      "question": "What is the respective revenue from Europe in 2018 and 2019?",
      "gold_answer": [
        "1,280",
        "2,459"
      ],
      "markdown_table_response": "What is the respective revenue from Europe in 2018 and 2019?",
      "csv_string_response": "How many years are the three years since the first proposed date of the proposed agreement?",
      "json_rows_response": "The following is a breakdown of revenue by shipping destination (in thousands):\n(1) Asia Pacific includes revenue from China $1.1 million or 11% and Japan of $1.8 million or 17% and Japan of $1.8 million or 15% and $1.9 million or 20% of total revenue in 2019 and $1.8 million or 14% and $1.2 million or 10%, respectively.\n(2) North America includes revenue from the United States of $3.1 million or 17% and Japan of $1.8 million or 22% and $1.9 million or 10%, respectively.\n(3) Europe includes revenue from the United States of $5.7 million or 59% of total revenue in 2019 and $3.2 million or 22% and $1.2 million or 30% of total revenue in 2018 and $5.1 million or 22% and $1.2 million or 10%, respectively.\n(4) North America includes revenue from the United States of $6.3 million or 23% of total revenue in 2019 and $3.7 million or 20% of total revenue in 2018 and $6.9 million or 20% of total revenue in 2019 and $5"
    },
    {
      "id": "84f89a702521d1d6ecc3c444cd60d600",
      "question": "What is the respective revenue from North America in 2018 and 2019?",
      "gold_answer": [
        "6,444",
        "4,802"
      ],
      "markdown_table_response": "We have a total of 11,605,2,395,1,660,766,975,910,890,890,922,968,962,962,977,979,987,966,973,981,968,984,985,986,987,988,989,991,992,993,994,995,996,997,998,999,905,906,907,908,909,910,911,913,914,915,916,917,918,919,921,922,923,924,926,927,928,929,931,932,933,934,935,936,937,938,939,940,941,942,943,944,945,946,947,948,949,951,952,953,954,955,956,957,958",
      "csv_string_response": ",",
      "json_rows_response": "\"Financial Disclaimer\"\n\"Last year, I published a number of revenue statements and I had an opportunity to review them. They all came from China, Japan, and Russia. I think they are really helpful to me. I don't think I'm going to be able to see them in the next year. I don't think they are going to be able to see them in the next year. They are very helpful to me.\""
    },
    {
      "id": "121bb93b555953a400fa69759f06e298",
      "question": "What is the average revenue from Asia Pacific in 2018 and 2019?",
      "gold_answer": 3977,
      "markdown_table_response": "",
      "csv_string_response": "The following is an example of a user question:",
      "json_rows_response": "Amount of revenue that are directly calculated from the company's revenue source of the revenue from China (i.e., the same revenue that China received during the period in question)."
    },
    {
      "id": "2964c5a70ef10a43b721dd66835612c8",
      "question": "What is the average revenue from Europe in 2018 and 2019?",
      "gold_answer": 1869.5,
      "markdown_table_response": "Let's assume that the average revenue from Europe in 2018 and 2019 is $2.5 million or 2.3% and $2.3 million or 3.8% respectively. There are three questions:\n(1) What is the average revenue from Europe in 2018 and 2019?\n(2) What is the average revenue from Europe in 2018 and 2019?\n(3) What is the average revenue from Europe in 2018 and 2019?\n(4) What is the average revenue from Europe in 2018 and 2019?\n(5) What is the average revenue from Europe in 2018 and 2019?\n(6) What is the average revenue from Europe in 2019 and 2019?\n(7) What is the average revenue from Europe in 2019 and 2019?\n(8) What is the average revenue from Europe in 2019 and 2019?",
      "csv_string_response": "Your question is answers question (see Table Data)",
      "json_rows_response": "Amount of invoices are the total amount of invoices in 2018 and 2019."
    },
    {
      "id": "f14427c2e3a6b5b05f11fdc897b3511c",
      "question": "What is the average revenue from North America in 2018 and 2019?",
      "gold_answer": 5623,
      "markdown_table_response": "What are the average revenue from the North America in 2018 and 2019?",
      "csv_string_response": "Which of the following is the most popular type of revenue generated by North America in 2018?",
      "json_rows_response": "[\n  {\n    \"\": \"2018\",\n    \"Fiscal Years\": \"2017\"\n  },\n  {\n    \"\": \"2018\",\n    \"Fiscal Years\": \"2017\"\n  },\n  {\n    \"\": \"2018\",\n    \"Fiscal Years\": \"2018\"\n  },\n  {\n    \"\": \"2018\",\n    \"Fiscal Years\": \"2018\"\n  },\n  {\n    \"\": \"2018\",\n    \"Fiscal Years\": \"2018\"\n  },\n  {\n    \"\": \"2018\",\n    \"Fiscal Years\": \"2018\"\n  },\n  {\n    \"\": \"2018\",\n    \"Fiscal Years\": \"2018\"\n  },\n  {\n    \"\": \"2018\",\n    \"Fiscal Years\": \"2018\"\n  },\n  {\n    \"\": \"2018\",\n    \"Fiscal Years\": \"2018\"\n  },\n  {\n    \"\": \"2018\",\n    \"Fiscal Years\": \"2018\"\n  },\n  {\n    \"\": \"2018\",\n    \"Fis"
    },
    {
      "id": "b11790152549a1c873fad7165cdc8ff1",
      "question": "What does the table show?",
      "gold_answer": [
        "compensation information for our non-employee directors for fiscal year 2019"
      ],
      "markdown_table_response": "Let me explain this table and what I have learned so far.",
      "csv_string_response": "Question 1: What are the terms of the $55,000, $149,987, $100,000, $100,000, $200,000, $400,000, $500,000, $600,000, $500,000, $600,000, $600,000, $800,000, $600,000, $800,000, $600,000, $600,000, $600,000, $600,000, $600,000, $600,000, $800,000, $600,000, $800, $800, $800, $800, $600, $600, $600, $600, $600, $800, $600, $600, $600, $600, $600, $600, $600, $600, $600, $600, $600, $600, $600, $600, $600, $600, $600, $600, $600, $600, $600, $600, $600, $600, $600, $600, $600, $600, $600, $600, $600, $600, $600, $600, $600, $600",
      "json_rows_response": "[\n  {\n    \"Name\": \"Richard S. Hill\",\n    \"Fees Earned or Paid in Cash ($)\": \"$106,000\",\n    \"Stock Awards ($)\": \"$149,987\",\n    \"Option Awards ($)\": \"—\",\n    \"Total($)\": \"$255,987\",\n    \"Option Awards ($)\": \"—\",\n    \"Total($)\": \"$275,317\",\n    \"Option Awards ($)\": \"—\",\n    \"Total($)\": \"$149,987\",\n    \"Option Awards ($)\": \"—\",\n    \"Total($)\": \"$205,320\"\n  },\n  {\n    \"Name\": \"David C. Habiger\",\n    \"Fees Earned or Paid in Cash ($)\": \"$55,333\",\n    \"Stock Awards ($)\": \"$149,987\",\n    \"Option Awards ($)\": \"—\",\n    \"Total($)\": \"$205,320\"\n  },\n  {\n    \"Name\": \"David C. Habiger\",\n    \"Fees Earned or Paid in Cash ($)\": \"$55,333\","
    },
    {
      "id": "363e5b4e5f1d5e1fd5819d862a4340cf",
      "question": "How does a non-employee director receive his/her restricted stock unit award or option grant?",
      "gold_answer": [
        "on the date of his or her initial appointment to the Board of Directors equal to the pro-rated amount of the annual grant"
      ],
      "markdown_table_response": "The number of shares subject to unvested restricted stock unit awards is a question of the amount awarded to the non-employee directors in the non-employee director's case. When a non-employee director receives the unrestricted stock unit award, the non-employee director's entitlement is not received. This is because the non-employee director received the unrestricted stock unit award. However, the non-employee director received the unrestricted stock unit award in the case of the first anniversary of the date of grant or the last anniversary of the date of grant.",
      "csv_string_response": "What is a non-employee director who receives the restricted stock unit awards?",
      "json_rows_response": "[\n  {\n    \"Name\": \"C. Bourgogne\",\n    \"Fees Earned or Paid in Cash ($)\": \"$59,333\",\n    \"Stock Awards ($)\": \"$149,987\",\n    \"Option Awards ($)\": \"—\",\n    \"Total($)\": \"$205,320\"\n  },\n  {\n    \"Name\": \"G. O'Brien\",\n    \"Fees Earned or Paid in Cash ($)\": \"$71,333\",\n    \"Stock Awards ($)\": \"$149,987\",\n    \"Option Awards ($)\": \"—\",\n    \"Total($)\": \"$209,987\"\n  },\n  {\n    \"Name\": \"R. Bourgogne\",\n    \"Fees Earned or Paid in Cash ($)\": \"$60,333\",\n    \"Stock Awards ($)\": \"$149,987\",\n    \"Option Awards ($)\": \"—\",\n    \"Total($)\": \"$205,320\"\n  },\n  {\n    \"Name\": \"B. Bourgogne\",\n    \"Fees Earned or Paid in"
    },
    {
      "id": "68ee1ba162e4656d81d903042bd952db",
      "question": "How much are the total compensations for Richard S. Hill and Christopher A. Seams, respectively?",
      "gold_answer": [
        "255,987",
        "231,987"
      ],
      "markdown_table_response": "| Name | Fees Earned or Paid in Cash ($) | Stock Awards ($) | Option Awards ($) | Total ($) |\n| --- | --- | --- | --- |\n| Richard S. Hill | $106,000 | $149,987 | — | $255,987 |\n| V. Sue Molina | $81,000 | $149,987 | — | $205,320 |\n| Andrew W. B. Seams | $83,000 | $149,987 | — | $255,987 |\n| Richard S. Hill | $106,000 | $149,987 | — | $215,987 |\n| George A. Riedel | $70,333 | $149,987 | — | $235,987 |\n| V. Sue Molina | $81,000 | $149,987 | — | $215,987 |\n| George A. Riedel | $68,333 | $149,987 | — | $205,320 |\n| V. Sue Molina | $81,000 | $149,987 | — | $215,987 |\n| George A. Riedel | $69,333 |",
      "csv_string_response": "The Total Compensation For the Year 2019 and the Future of the Year 2019, Table A, Figure B, Table C, Figure D, Figure E, Table G, Table H, Figure F, Table I, Figure K, Table H, Figure J, Table K, Figure K, Table K, Figure K, Table K, Figure J, Table J, Figure L, Figure J, Figure M, Table H, Figure N, Table K, Figure J, Table I, Figure H, Table M, Table J, Figure L, Table K, Table J, Figure M, Figure N, Table K, Figure K, Table K, Figure S, Figure M, Figure J, Figure S, Table H, Figure L, Table E, Figure D, Table H, Figure J, Table J, Figure K, Figure M, Figure E, Table H, Table J, Figure L, Table K, Table J, Figure K, Table J, Figure L, Figure S, Table H, Figure N, Table K, Table H, Figure L, Table H, Figure J, Table E, Figure K, Table J, Figure L, Figure S, Table K, Figure M, Table H, Figure N, Table K, Figure J, Table S, Figure",
      "json_rows_response": "1. Richard S. Hill, Esq."
    },
    {
      "id": "ee85b9ce062cb99f0861b9c43d6f6eed",
      "question": "What is the ratio of Darcy Antonellis’ total compensation to David C. Habiger’s total compensation?",
      "gold_answer": 0.93,
      "markdown_table_response": "Questions about the impact of the annual grant date will be presented at the Annual Meeting of Stockholders in the United States Bankruptcy Court in Washington D.C. on December 31, 2019.",
      "csv_string_response": "What is the ratio of Darcy Antonellis’ total compensation to David C. Habiger?",
      "json_rows_response": "[\n  {\n    \"Name\": \"Richard S. Hill\",\n    \"Fees Earned or Paid in Cash ($)\": \"$56,000\",\n    \"Stock Awards ($)\": \"$149,987\",\n    \"Option Awards ($)\": \"—\",\n    \"Total($)\": \"$205,320\"\n  }\n]"
    },
    {
      "id": "bf0f732e7286dad472c3a7a3848415a2",
      "question": "What is the average fee earned or paid in cash compensation for all non-employee directors?",
      "gold_answer": 77111,
      "markdown_table_response": "What is the average fee paid for all non-employee directors for fiscal year 2019?",
      "csv_string_response": "The percentage of non-employee directors eligible for the 2019 stock option grants to the stockholders is calculated based on the average fee paid in the amount of the non-employee directors as a percentage of the total compensation paid in cash compensation for the non-employee directors.",
      "json_rows_response": "The average fee earned or paid in cash compensation for all non-employee directors has been increased in the last two years, since the year of the grant date of grant or the end of the grant date, during which the non-employee directors are expected to pay an amount equal to the total cost of the fund."
    },
    {
      "id": "219e48732fca0fa8874dcbe6b284c293",
      "question": "Who has the highest compensation among all non-employee directors?",
      "gold_answer": [
        "Richard S. Hill"
      ],
      "markdown_table_response": "For the purpose of this report, please refer to the following questions:",
      "csv_string_response": "We have received a letter of approval from the Securities and Exchange Commission (SEC) regarding the potential effect of the equity and interest rate provisions on the subject of the fund.",
      "json_rows_response": "How are the non-employee directors affected by a violation of ASC 718?"
    },
    {
      "id": "68324de273806811f1265d9f003869f7",
      "question": "How is Basic earnings per share, or EPS calculated?",
      "gold_answer": [
        "by dividing net income (loss) by the weighted-average number of common shares outstanding for the period, without consideration for common stock equivalents."
      ],
      "markdown_table_response": "|  | --- | --- | --- | --- |\n| --- | --- | --- | --- |\n| --- | --- | --- | --- |\n| --- | --- | --- | --- |\n| --- | --- | --- | --- | --- |\n| --- | --- | --- | --- | --- |\n| --- | --- | --- | --- | --- |\n| --- | --- | --- | --- | --- |\n| --- | --- | --- | --- | --- |\n| --- | --- | --- | --- | --- |\n| --- | --- | --- | --- | --- |\n| --- | --- | --- | --- | --- |\n| --- | --- | --- | --- | --- | --- |\n| --- | --- | --- | --- | --- | --- |\n| --- | --- | --- | --- | --- | --- |\n| --- | --- | --- | --- | --- | --- | --- |\n| --- | --- | --- | --- | --- | --- | --- |\n| --- | --- | --- | --- | --- | --- |\n| --- | --- | --- | --- | --- | --- |\n| --- | --- | --- | --- | --- | --- | --- |",
      "csv_string_response": ",,\"Years Ended December 31,\",\n,2019,2018,2017,2017,2018,2017,2018,2018,2018,2018,2018,2018,2018,2018,2018,2018,2018,2018,2018,2018,2018,2018,2018,2018,2018,2018,2018,2018,2018,2018,2018,2018,2018,2018,2018,2018,2018,2018,2018,2018,2018,2018,2018,2018,2018,2018,2018,2018,2018,2018,2018,2018,2018,2018,2018,2018,2018,2018,2018,2018,2018,2018,2018,2018,2018,2018,2018,2018,2018,2018,2018,2018,2018,2018,2018,2018,2018,2018,2018,2018,2018,2018,2018,2018,2018,2018,2018,2018,2018,2018,2018,2018,2018,2018,2018,2018,2018,2018,2018,2018,2018,2018,2018,2018,2018,2018,2018,2018,2018,2018,2018,2018,2018,2018,2018,2018,2018,2018,2018,2018,2018,2018,",
      "json_rows_response": "In the above table, the Company has a net loss per share per share and the weighted-average number of common shares outstanding for the period determined by the Company's equity fund."
    },
    {
      "id": "3111bd0fd3138287e5e124b10d7f9b18",
      "question": "What is the average Numerator: Net loss for the year ended December 31, 2019 to 2018?",
      "gold_answer": 23048.5,
      "markdown_table_response": "What is the average Numerator: Net loss for the year ended December 31, 2019?",
      "csv_string_response": "1. The average numerator of the formula:",
      "json_rows_response": "I have estimated the net loss for the year ended December 31, 2019 to 2018."
    },
    {
      "id": "ded47d610b8f3b512bbab0f4871e77b8",
      "question": "What is the average Denominator: Weighted average common shares outstanding—basic for the year ended December 31, 2019 to 2018?",
      "gold_answer": 69747.5,
      "markdown_table_response": "For the year ended December 31, 2019, the Company incurred net losses and therefore excluded common stock equivalents for outstanding stock based on the largest share of common shares outstanding for the year. The Company incurred net losses of the following terms in the years ended December 31, 2019:",
      "csv_string_response": ",\n,\n,\n,\n,\n,\n,\n,\n,\n,\n,\n,\n,\n,\n,\n,\n,\n,\n,\n,\n,\n,\n,\n,\n,\n,\n,\n,\n,\n,\n,\n,\n,\n,\n,\n,\n,\n,\n,\n,\n,\n,\n,\n,\n,\n,\n,\n,\n,\n,\n,\n,\n,\n,\n,\n,\n,\n,\n,\n,\n,\n,\n,\n,\n,\n,\n,\n,\n,\n,\n,\n,\n,\n,\n,\n,\n,\n,\n,\n,\n,\n,\n,\n,\n,\n,\n,\n,\n,\n,\n,\n,\n,\n,\n,\n,\n,\n,\n,\n,\n,\n,\n,\n,\n,\n,\n,\n,\n,\n,\n,\n,\n,\n,\n,\n,\n,\n,\n,\n,\n,\n,\n,\n,\n,\n,\n,\n,",
      "json_rows_response": "How do I calculate the average share equity of the company's shares?\nFor the year ended December 31, 2018, the Company incurred net losses and accordingly excluded common stock equivalents for outstanding stock based on the following formula:"
    },
    {
      "id": "82d14c3d4fe3414597b638431b2eeffc",
      "question": "In which year was the net loss less -10,000?",
      "gold_answer": [
        "2017"
      ],
      "markdown_table_response": "|  |  | Year Ended December 31, |  |\n| --- | --- | --- | --- |\n|  | 2018 | 2018 | 2017 |\n|  |  | (in thousands, except per share amounts) |  |\n|  | 2019 | 2018 | 2017 |\n|  |  | (in thousands, except per share amounts) |  |\n|  | 2019 | 2018 | 2017 |\n|  |  | (in thousands, except per share amounts) |  |\n|  | 2019 | 2018 | 2017 |\n|  |  | (in thousands, except per share amounts) |  |\n|  | 2019 | 2018 | 2017 |\n|  |  | (in thousands, except per share amounts) |  |\n|  | 2019 | 2018 | 2017 |\n|  |  | (in thousands, except per share amounts) |  |\n|  | 2019 | 2018 | 2017 |\n|  |  | (in millions, except per share amounts) |  |\n|  | 2019 | 2018 | 2017 |\n|  |  | (in thousands, except per share amounts) |  |\n|  | 2019 | 2018 |",
      "csv_string_response": ",",
      "json_rows_response": "In which year was the net loss of 2.5 million?"
    },
    {
      "id": "ce6a6a99011ecb20e078479bf05fb0e9",
      "question": "What was the respective Weighted average common shares outstanding—basic in 2019, 2018 and 2017?",
      "gold_answer": [
        "71,005",
        "68,490",
        "66,252"
      ],
      "markdown_table_response": "What was the weighted average common share among the Company's nine respondents, and how many respondents were in the preceding ten years?",
      "csv_string_response": "1. Net Income (Loss) Per Share",
      "json_rows_response": "Can the Company be presented as a percentage of the total common shares outstanding?\nThe Company is the target of a minimum of 30,000,000 shares of common stock equity."
    },
    {
      "id": "869c1fa4ea948096f2b86e2144498bac",
      "question": "What was the basic net loss per share in 2019?",
      "gold_answer": [
        "$(0.28)"
      ],
      "markdown_table_response": "|  |  |  | Years Ended December 31, |  |\n| --- | --- | --- | --- |\n|  | 2019 | 2018 | 2018 |\n|  |  | (in millions, except per share amounts) |  |\n| Numerator: |  |  |  |\n| Net loss | $(19,898) | $(26,199) | $(9,187) |\n| Denominator: |  |  |\n| Weighted average common shares outstanding—basic | 71,005 | 68,490 | 66,252 |\n| Net loss per share: |  |  |  |\n| Basic | $(0.28) | $(0.38) | $(0.14) |\n| Diluted | $(0.28) | $(0.38) | $(0.14) |",
      "csv_string_response": "The following questions are answered:",
      "json_rows_response": "1. I would like to thank the following people, who have given me the opportunity to express their gratitude to the company and their customers, and to the employees of the company."
    },
    {
      "id": "e65ec12a72ff750b30cc6177c8bb1899",
      "question": "Which years information are included in this note on net property and equipment?",
      "gold_answer": [
        "2018",
        "2019"
      ],
      "markdown_table_response": "We have a balance sheet of $175,000, which we have a balance sheet of $95,000, which we have a balance sheet of $11,000, which we have a balance sheet of $20,000, which we have a balance sheet of $20,000, which we have a balance sheet of $30,000, which we have a balance sheet of $100,000, which we have a balance sheet of $5,000, which we have a balance sheet of $2,000, which we have a balance sheet of $3,000, which we have a balance sheet of $3,000, which we have a balance sheet of $1,000, which we have a balance sheet of $4,000, which we have a balance sheet of $10,000, which we have a balance sheet of $8,000, which we have a balance sheet of $17,000, which we have a balance sheet of $25,000, which we have a balance sheet of $8,000, which we have a balance sheet of $20,000, which we have a balance sheet of $10,000, which we have a balance sheet of $4,000, which we have a balance",
      "csv_string_response": ",2019,2018\n\"Equipment and software, including equipment purchased under capital leases of $6 and $13 at December 31, 2019 and 2018, respectively\",$260,\"$1,555\"",
      "json_rows_response": "We thank the following individuals for their information."
    },
    {
      "id": "cd829f7a1d9f9794b89ff98c3abc5f3a",
      "question": "What is the content of Note 5?",
      "gold_answer": [
        "PROPERTY AND EQUIPMENT, NET"
      ],
      "markdown_table_response": "The current revision in Note 5 of the original statement will be the final answer.  We will only answer the following questions:",
      "csv_string_response": "We had the opportunity to answer all of the questions on this page.",
      "json_rows_response": "Is it important to include any of the following questions to gauge your answers."
    },
    {
      "id": "12706693199fd774f07989b1362d92ea",
      "question": "Why was there a reduction in property and equipment in 2018 and 2019?",
      "gold_answer": [
        "relocation of our corporate headquarters",
        "closure of our Lake Mary facility in 2018"
      ],
      "markdown_table_response": "|  | 2019 | 2019 |\n| --- | --- | --- | --- |\n| Equipment and software, including equipment purchased under capital leases of $3 and $13 at December 31, 2019 and 2018, respectively | (263) | (2,657) |\n|  | $71 | $95 | $39 |\n|  | 336 | 2,523 |\n| Less accumulated depreciation, including accumulated depreciation for equipment purchased under capital leases of $3 and $13 at December 31, 2019 and 2018, respectively | (271) | (2,498) |\n|  | $75 | $123 | $531 |\n|  | 336 | 2,523 |\n| Less accumulated depreciation, including accumulated depreciation for equipment purchased under capital leases of $3 and $13 at December 31, 2019 and 2018, respectively | (321) | (2,294) |\n|  | $41 | $12 | $1,500 |\n|  | 337 | 1,435 |\n|  | 336 | 2,523 |\n|  | 336 | 1,522 |\n|  | 337 | 2,523 |\n|  | 337 | 1,435 |\n|",
      "csv_string_response": ",2019,2018\n\"Equipment and software, including equipment purchased under capital leases of $4 and $5 at December 31, 2019 and 2018, respectively\",$4,926,935,926 and $4,399,935.",
      "json_rows_response": "When the balance of the assets and equipment was released, the company the company was permitted to add or remove a number of property and equipment.  It is undisputed that the company has a good understanding of its business and the firm has an excellent understanding of its business.  It has made significant use of its technology to market its products and services, including its products and services.  It has also made significant use of its products and services to meet its business goals.  For the years ended December 31, 2019 and 2018, we have expanded our business to include the company’s products and services in the future."
    },
    {
      "id": "5bdc69be3f906fa7695fcc8c46e31bb9",
      "question": "How many categories of items are there in property and equipment in both 2018 and 2019?",
      "gold_answer": [
        "3"
      ],
      "markdown_table_response": "The final answer is “yes”.  In order to determine if the first category of items includes items that are not in the possession of the listed *ground* in the record, the first category includes the following items:",
      "csv_string_response": ",2019,2018\n\"Equipment and software, including equipment purchased under capital leases of $3 and $13 at December 31, 2019 and 2018, respectively\",$260,\"$1,555\"",
      "json_rows_response": "[\n  {\n    \"1\": \"1. Prices and services\",\n    \"2\": \"1. Other examples\",\n    \"3\": \"0. Other examples\",\n    \"4\": \"0. Other examples\",\n    \"5\": \"0. Other examples\",\n    \"6\": \"0. Other examples\",\n    \"7\": \"0. Other examples\",\n    \"8\": \"0. Other examples\",\n    \"9\": \"0. Other examples\",\n    \"10\": \"0. Other examples\",\n    \"11\": \"0. Other examples\",\n    \"12\": \"0. Other examples\",\n    \"13\": \"0. Other examples\",\n    \"14\": \"0. Other examples\",\n    \"15\": \"0. Other examples\",\n    \"16\": \"0. Other examples\",\n    \"17\": \"0. Other examples\",\n    \"18\": \"0. Other examples\",\n    \"19\": \"0. Other examples\",\n    \"20\": \"0. Other examples\",\n    \"21\": \"0. Other examples\",\n    \"22\": \"0. Other examples\",\n    \"23\": \"0."
    },
    {
      "id": "257f1ac496b0609c4149220dab7301e2",
      "question": "What % of the total property and equipment does \"Equipment and software\" make up in 2019, before considering depreciation?",
      "gold_answer": 77.38,
      "markdown_table_response": "This question was given by the contestants as the following to determine the total amount of the property and equipment received. We have received a total of $7.9 million.  The total property is $1,555,  1,695, and  1,555,  0.7 percent of the total property in 2018 and 2019. We have received a total of $4.2  million.  The total property is $2,555,  0.7 percent of the total property in 2018 and 2019. We have received a total of $4.4  million.  The total property is $1,555,  0.7 percent of the total property in 2018 and 2019. We have received a total of $7.9  million.",
      "csv_string_response": "\"Equipment and software, including equipment purchased under capital leases of $3 and $13 at December 31, 2019 and 2018, respectively\",$1,555\"\nLeasehold improvements,33,786\nFurniture and fixtures,43,182\n,336,\"2,523\"",
      "json_rows_response": "The final answer (in thousands):"
    },
    {
      "id": "66f7ee78ddac81aada8298fa087462f6",
      "question": "What is the % change in total property and equipment from 2018 to 2019?",
      "gold_answer": -45.74,
      "markdown_table_response": "1. The % change in total property and equipment from 2018 to 2019?",
      "csv_string_response": ",2019,2018\n\"Equipment and software, including equipment purchased under capital leases of $6 and $17 at December 31, 2019 and 2018, respectively\",$270, of which the actual closing costs are the same as the actual closing costs in this case.",
      "json_rows_response": "What is the % change in total property and equipment from 2018 to 2019?"
    },
    {
      "id": "befe200608aaf7ac4d43704c19658f1e",
      "question": "What does sales related reserves represent?",
      "gold_answer": [
        "price concessions and stock rotation rights that the Company offers to many of its distributors"
      ],
      "markdown_table_response": "|  | March 31, |  |\n| --- | --- | --- |\n|  | 2019 | 2018 |\n| Accrued compensation and benefits | $135.1 | $98.6 |\n| Total accrued liabilities | $6.4 | $2.6 |\n| Sales related liabilities | $1.2 | $0.6 |\n| Total accrued liabilities | $1.2 | $0.6 |",
      "csv_string_response": ",\"March 31,\",\n,2019,2018\nAccrued compensation and benefits,15.3,5.4,30.5,25.5,33.9\nSales related reserves are listed,6, and other additional expenses,3,7,8,9,10.2,30.1,25.9,34.3\nSales related reserves are listed,7, and other additional expenses,2,2,3,5,10,11,12,14,15,16,17,18,20,26,27,29,30,32,33,34,35,36,37,38,39,40,41,42,43,44,45,46,47,48,49,50,51,52,53,54,55,56,57,58,59,60,61,62,63,64,65,66,67,68,69,70,71,72,73,74,75,76,77,78,79,80,81,82,83,84,85,86,87,88,89,90,91,92,93,94,95,96,97,98,",
      "json_rows_response": "[\n  {\n    \"\": \"2018\",\n    \"March 31,\": \"2019\"\n  },\n  {\n    \"\": \"2018\",\n    \"March 31,\": \"46.9\"\n  },\n  {\n    \"\": \"2018\",\n    \"March 31,\": \"46.9\"\n  },\n  {\n    \"\": \"2018\",\n    \"March 31,\": \"46.9\"\n  },\n  {\n    \"\": \"2018\",\n    \"March 31,\": \"46.9\"\n  },\n  {\n    \"\": \"2018\",\n    \"March 31,\": \"46.9\"\n  },\n  {\n    \"\": \"2018\",\n    \"March 31,\": \"46.9\"\n  },\n  {\n    \"\": \"2018\",\n    \"March 31,\": \"46.9\"\n  },\n  {\n    \"\": \"2018\",\n    \"March 31,\": \"46.9\"\n  },\n  {\n    \"\": \"2018\",\n    \"March 31,\": \"46.9\"\n  },\n  {\n    \"\":"
    },
    {
      "id": "6a2d953a6b3a23188f8c956a8629fe0d",
      "question": "What were the income taxes payable in 2019?",
      "gold_answer": [
        "46.9"
      ],
      "markdown_table_response": "|  | March 31, |  |\n| --- | --- | --- |\n|  | 2019 | 2018 |\n| Accrued compensation and benefits | $47.6 | $81.4 |\n| Total accrued liabilities | $787.3 | $229.6 |\n| Total accrued liabilities | $787.3 | $229.6 |\n| Total accrued liabilities | $787.3 | $229.6 |\n| Total accrued liabilities | $787.3 | $229.6 |\n| Total accrued liabilities | $787.3 | $229.6 |\n| Total accrued liabilities | $787.3 | $229.6 |\n| Total accrued liabilities | $787.3 | $229.6 |\n| Total accrued liabilities | $787.3 | $229.6 |\n| Total accrued liabilities | $787.3 | $229.6 |\n| Total accrued liabilities | $787.3 | $229.6 |\n| Total accrued liabilities | $787.3 | $229.6 |\n| Total accrued liabilities | $787.3 | $229.6 |\n| Total accrued liabilities | $7",
      "csv_string_response": ",\n,\n,\n,\n,\n,\n,\n,\n,\n,\n,\n,\n,\n,\n,\n,\n,\n,\n,\n,\n,\n,\n,\n,\n,\n,\n,\n,\n,\n,\n,\n,\n,\n,\n,\n,\n,\n,\n,\n,\n,\n,\n,\n,\n,\n,\n,\n,\n,\n,\n,\n,\n,\n,\n,\n,\n,\n,\n,\n,\n,\n,\n,\n,\n,\n,\n,\n,\n,\n,\n,\n,\n,\n,\n,\n,\n,\n,\n,\n,\n,\n,\n,\n,\n,\n,\n,\n,\n,\n,\n,\n,\n,\n,\n,\n,\n,\n,\n,\n,\n,\n,\n,\n,\n,\n,\n,\n,\n,\n,\n,\n,\n,\n,\n,\n,\n,\n,\n,\n,\n,\n,\n,\n,\n,\n,\n,\n,",
      "json_rows_response": "[\n  {\n    \"\": \"2018\",\n    \"March 31,\"\": \"2018\",\n    \"March 31,\"\": \"2019\",\n    \"March 31,\"\": \"2018\",\n    \"March 31,\"\": \"2018\",\n    \"March 31,\"\": \"2018\",\n    \"March 31,\"\": \"2018\",\n    \"March 31,\"\": \"2018\",\n    \"March 31,\"\": \"2018\",\n    \"March 31,\"\": \"2018\",\n    \"March 31,\"\": \"2018\",\n    \"March 31,\"\": \"2018\",\n    \"March 31,\"\": \"2018\",\n    \"March 31,\"\": \"2018\",\n    \"March 31,\"\": \"2018\",\n    \"March 31,\"\": \"2018\",\n    \"March 31,\"\": \"2018\",\n    \"March 31,\"\": \"2018\",\n    \"March 31,\"\": \"2018\",\n    \"March 31,\"\": \"2018\",\n    \"March 31,\"\": \"2018\",\n    \"March 31,\"\": \"2018\",\n    \"March 31,\"\": \"2018\",\n    \"March 31,\"\": \"2018\",\n    \"March 31,\"\": \"2018\",\n    \"March 31"
    },
    {
      "id": "b67b0fd4c4ce82e751f38b17ba47c85c",
      "question": "Which years does the table provide information for the company's accrued liabilities?",
      "gold_answer": [
        "2019",
        "2018"
      ],
      "markdown_table_response": "|  | March 31, |  |\n| --- | --- | --- |\n|  | 2019 | 2018 |\n| Accrued compensation and benefits | $13.1 |\n| Total accrued liabilities | $6.8 |\n| Total accrued liabilities | $7.2 |",
      "csv_string_response": "Each year, in the year ended March 31, 2018, the Company receives a deduction of $100,000 and a monthly payment of $600,000.",
      "json_rows_response": "[\n  {\n    \"\": \"2018-03-21T18:04:00Z\",\n    \"March 31,\": \"2019\"\n  },\n  {\n    \"\": \"2018-03-21T18:04:00Z\",\n    \"March 31,\": \"27.5\"\n  },\n  {\n    \"\": \"2018-03-21T18:04:00Z\",\n    \"March 31,\": \"54.9\"\n  },\n  {\n    \"\": \"2018-03-21T18:04:00Z\",\n    \"March 31,\": \"3.4\"\n  },\n  {\n    \"\": \"2018-03-21T18:04:00Z\",\n    \"March 31,\": \"4.2\"\n  },\n  {\n    \"\": \"2018-03-21T18:04:00Z\",\n    \"March 31,\": \"46.9\"\n  },\n  {\n    \"\": \"2018-03-21T18:04:00Z\",\n    \"March 31,\": \"3.4\"\n  },\n  {"
    },
    {
      "id": "a2aee8fbc00c2c220a8cb7e5214fc17e",
      "question": "How many years did Accrued expenses and other liabilities exceed $200 million?",
      "gold_answer": "1",
      "markdown_table_response": "|  | March 31, |  |\n| --- | --- | --- | --- |\n|  | 2019 | 2018 |\n| Accrued compensation and benefits | $140.5 | $4.1 |\n| Total accrued liabilities | $13.2 | $1.1 |\n| Total accrued liabilities | $4.1 | $1.7 |\n| Total accrued liabilities | $4.3 | $2.7 |\n| Total accrued liabilities | $4.4 | $3.7 |\n| Total accrued liabilities | $3.1 | $4.7 |\n| Total accrued liabilities | $3.3 | $1.1 |\n| Total accrued liabilities | $3.3 | $2.5 |\n| Total accrued liabilities | $3.6 | $1.8 |\n| Total accrued liabilities | $3.3 | $2.6 |\n| Total accrued liabilities | $2.7 | $1.9 |\n| Total accrued liabilities | $3.2 | $1.1 |\n| Total accrued liabilities | $1.5 | $2.7 |\n| Total accrued liabilities | $2.1 | $3.2 |\n|",
      "csv_string_response": ",\n,\n,\n,\n,\n,\n,\n,\n,\n,\n,\n,\n,\n,\n,\n,\n,\n,\n,\n,\n,\n,\n,\n,\n,\n,\n,\n,\n,\n,\n,\n,\n,\n,\n,\n,\n,\n,\n,\n,\n,\n,\n,\n,\n,\n,\n,\n,\n,\n,\n,\n,\n,\n,\n,\n,\n,\n,\n,\n,\n,\n,\n,\n,\n,\n,\n,\n,\n,\n,\n,\n,\n,\n,\n,\n,\n,\n,\n,\n,\n,\n,\n,\n,\n,\n,\n,\n,\n,\n,\n,\n,\n,\n,\n,\n,\n,\n,\n,\n,\n,\n,\n,\n,\n,\n,\n,\n,\n,\n,\n,\n,\n,\n,\n,\n,\n,\n,\n,\n,\n,\n,\n,\n,\n,\n,\n,\n,",
      "json_rows_response": "[\n  {\n    \"\": \"2018\",\n    \"March 31,\": \"2019\"\n  },\n  {\n    \"\": \"2018\",\n    \"March 31,\": \"46.9\"\n  },\n  {\n    \"\": \"2018\",\n    \"March 31,\": \"46.9\"\n  },\n  {\n    \"\": \"2018\",\n    \"March 31,\": \"46.9\"\n  },\n  {\n    \"\": \"2018\",\n    \"March 31,\": \"46.9\"\n  },\n  {\n    \"\": \"2018\",\n    \"March 31,\": \"46.9\"\n  },\n  {\n    \"\": \"2018\",\n    \"March 31,\": \"46.9\"\n  },\n  {\n    \"\": \"2018\",\n    \"March 31,\": \"46.9\"\n  },\n  {\n    \"\": \"2018\",\n    \"March 31,\": \"46.9\"\n  },\n  {\n    \"\": \"2018\",\n    \"March 31,\": \"46.9\"\n  },\n  {\n    \"\":"
    },
    {
      "id": "fa893658b2b77aea95b90dfb1582d84a",
      "question": "What was the change in income taxes payable between 2018 and 2019?",
      "gold_answer": 19.4,
      "markdown_table_response": "|  | March 31, |  |\n| --- | --- | --- |\n|  | 2019 | 2018 |\n| Accrued compensation and benefits | $39.9 | $129.4 |\n| Total accrued liabilities | $25.2 |\n| Total accrued liabilities | $22.1 | $37.0 |\n| Total accrued liabilities | $26.4 | $20.4 |\n| Total accrued liabilities | $44.9 | $13.2 |\n| Total accrued liabilities | $27.0 | $23.7 |\n| Total accrued liabilities | $23.2 | $12.9 |\n| Total accrued liabilities | $23.2 | $12.2 |\n| Total accrued liabilities | $22.9 | $17.3 |\n| Total accrued liabilities | $40.3 | $14.6 |",
      "csv_string_response": "What was the changes in income taxes payable between 2018 and 2019?",
      "json_rows_response": "[\n  {\n    \"\": \"2018\",\n    \"March 31,\": \"2018\",\n    \"March 31,\": \"$787.3\"\n  },\n  {\n    \"\": \"2018\",\n    \"March 31,\": \"1.9\"\n  },\n  {\n    \"\": \"2018\",\n    \"March 31,\": \"2.9\"\n  },\n  {\n    \"\": \"2018\",\n    \"March 31,\": \"3.6\"\n  },\n  {\n    \"\": \"2018\",\n    \"March 31,\": \"3.9\"\n  },\n  {\n    \"\": \"2018\",\n    \"March 31,\": \"2.9\"\n  },\n  {\n    \"\": \"2018\",\n    \"March 31,\": \"3.6\"\n  },\n  {\n    \"\": \"2018\",\n    \"March 31,\": \"2.9\"\n  },\n  {\n    \"\": \"2018\",\n    \"March 31,\": \"3.6\"\n  },\n  {\n    \"\": \"2018\",\n    \"March 31,\": \"1"
    },
    {
      "id": "29caae87f7472e7a795629d3752bb631",
      "question": "What was the percentage change in total accrued liabilities between 2018 and 2019?",
      "gold_answer": 242.9,
      "markdown_table_response": "•",
      "csv_string_response": "What was the percentage change in total accrued liabilities between 2018 and 2019?",
      "json_rows_response": "Who did the change in total accrued liabilities between 2018 and 2019?"
    },
    {
      "id": "44b549640fa29ce8ac059aab705a1fb7",
      "question": "What was the amount of unrecognized stock-based compensation expense related to unvested employee stock options in 2019?",
      "gold_answer": [
        "$4,801"
      ],
      "markdown_table_response": "In this table, the annual value of unrecognized stock-based compensation expense is determined by the type of stock-based compensation expense that the employee may have (i) been using for his or her compensation, (ii) the amount of unrecognized stock-based compensation expense related to unvested employee stock options, and (iii) the amount of unrecognized stock-based compensation expense related to the unvested employee stock options.",
      "csv_string_response": ",Year Ended,Year Ended,Year Ended\nStock options,\"$2,746\",\"$2,829\"\nTotal stock-based compensation expense,\"$4,487\",\"$6,749\"",
      "json_rows_response": "No answer will be received."
    },
    {
      "id": "d3916f1eb990b4f3086630052d8d8216",
      "question": "What was the total stock-based compensation expense amount in 2018?",
      "gold_answer": [
        "$4,055"
      ],
      "markdown_table_response": "The total stock-based compensation expense amount in 2018 is $1,519 of unrecognized stock-based compensation expense for each year (in terms of ownership and personnel, stock options and stock options).",
      "csv_string_response": "Stock options,\"$2,756\",\"$2,926\"\nRSUs,955,\"1,129\"\nTotal stock-based compensation expense,\"$3,712\",\"$3,719\"\nTotal stock-based compensation expense,\"$4,055\"\nTotal stock-based compensation expense,\"$5,261\"\nTotal stock-based compensation expense,\"$6,330\"\nTotal stock-based compensation expense,\"$8,921\"\nTotal stock-based compensation expense,\"$9,949\"\nTotal stock-based compensation expense,\"$10,892\"\nTotal stock-based compensation expense,\"$8,973\"\nTotal stock-based compensation expense,\"$10,819\"\nTotal stock-based compensation expense,\"$11,693\"\nTotal stock-based compensation expense,\"$12,168\"\nTotal stock-based compensation expense,\"$13,849\"\nTotal stock-based compensation expense,\"$14,226\"\nTotal stock-based compensation expense,\"$15,168\"\nTotal stock-based compensation expense,\"$16,099\"\nTotal stock-based compensation expense,\"$17,237\"\nTotal stock-based compensation expense,\"$18,883\"",
      "json_rows_response": "$7,634.00"
    },
    {
      "id": "1b79bea7648a51fd378cf433a5fdfbeb",
      "question": "How long is it expected to take for the unrecognized stock-based compensation expense related to unvested RSUs to be recognized?",
      "gold_answer": [
        "2.33 years"
      ],
      "markdown_table_response": "|  | Year Ended | Year Ended |\n| --- | --- | --- |\n| Stock options | $2,756 | $2,926 |\n| RSUs | 955 | 1,129 |\n| Total stock-based compensation expense | $3,711 | $4,055 |",
      "csv_string_response": ",Year Ended,Year Ended\nStock options,\"$2,756\",\"$2,926\"\nTotal stock-based compensation expense,\"$3,711\",\"$4,055\"\nTotal stock-based compensation expense,\"$3,711\",\"$4,055\"\nTotal stock-based compensation expense,\"$3,711\",\"$4,055\"\nTotal stock-based compensation expense,\"$3,711\",\"$4,055\"\nTotal stock-based compensation expense,\"$3,711\",\"$4,055\"\nTotal stock-based compensation expense,\"$3,711\",\"$4,055\"\nTotal stock-based compensation expense,\"$3,711\",\"$4,055\"\nTotal stock-based compensation expense,\"$3,711\",\"$4,055\"\nTotal stock-based compensation expense,\"$3,711\",\"$4,055\"\nTotal stock-based compensation expense,\"$3,711\",\"$4,055\"\nTotal stock-based compensation expense,\"$3,711\",\"$4,055\"\nTotal stock-based compensation expense,\"$3,711\",\"$4,055\"\nTotal stock-based compensation expense,\"$3,711\",\"$4,055",
      "json_rows_response": "[\n  {\n    \"\": \"Stock options\",\n    \"Year Ended\": \"$2,926\"\n  },\n  {\n    \"\": \"Total stock-based compensation expense\",\n    \"Year Ended\": \"$4,055\"\n  },\n  {\n    \"\": \"Total stock-based compensation expense\",\n    \"Year Ended\": \"$2,926\"\n  },\n  {\n    \"\": \"Total stock-based compensation expense\",\n    \"Year Ended\": \"$4,055\"\n  }\n]"
    },
    {
      "id": "941e08f0c9de256e74de7472019108e7",
      "question": "What is the total stock-based compensation expense and unrecognized stock-based compensation expense in 2019?",
      "gold_answer": 10394,
      "markdown_table_response": "Is there any reason why the total value of stock-based compensation expense and unrecognized stock-based compensation expense should not exceed the earnings per share of the employee stock options?",
      "csv_string_response": "",
      "json_rows_response": "Stock-based compensation expense is the amount of unrecognized stock-based compensation expense which is calculated by the following formula:"
    },
    {
      "id": "f3a7e8ba2038bf444258ef65e7c92d1f",
      "question": "What was the change in the amount of stock options in 2019 from 2018?",
      "gold_answer": -170,
      "markdown_table_response": "As of December 31, 2019, there was $2,756 of unrecognized stock-based compensation expense related to unvested employee stock options and $1,882 of unrecognized stock-based compensation expense related to unvested employee stock options and $2,726 of unrecognized stock-based compensation expense related to unvested employee stock options and $1,926 of unrecognized stock-based compensation expense related to unvested employee stock options and $2,756 of unrecognized stock-based compensation expense related to unvested employee stock options and $1,882 of unrecognized stock-based compensation expense related to unvested employee stock options and $2,726 of unrecognized stock-based compensation expense related to unvested employee stock options and $1,882 of unrecognized stock-based compensation expense related to unvested employee stock options and $2,726 of unrecognized stock-based compensation expense related to unvested employee stock options and $1,882 of unrecognized stock-based compensation expense related to unvested employee stock options and $2,726 of unrecognized stock-based compensation expense related to unvested employee stock options and $1,882 of unrecognized stock-based compensation expense related to un",
      "csv_string_response": "Stock options are listed as \"expenses and expenses,\" for all stock options, and \"expenses\" are the amount of money that the company pays to its stock. The information provided in this table is not included in the table or the table's descriptions, and the information provided in the table is not included in the table's description.",
      "json_rows_response": "[\n  {\n    \"\": \"Stock options\",\n    \"Year Ended\": \"$2,926\"\n  },\n  {\n    \"\": \"Stock options\",\n    \"Year Ended\": \"$2,926\"\n  }\n]"
    },
    {
      "id": "4e9a626a215b7ae7fadf51fe9008af70",
      "question": "What was the percentage change in the amount of RSUs in 2019 from 2018?",
      "gold_answer": -15.41,
      "markdown_table_response": "What are the percentage changes in the number of RSUs in 2019 from 2018?",
      "csv_string_response": "Why are the RSUs not listed in the table above?",
      "json_rows_response": "[\n  {\n    \"\": \"Stock options\",\n    \"Year Ended\": \"January 20, 2019\"\n  },\n  {\n    \"\": \"Stock options\",\n    \"Year Ended\": \"January 22, 2019\"\n  }\n]"
    },
    {
      "id": "bd0f932ec78b1a427866fa1296bc9536",
      "question": "How much was the liability for gross unrecognized tax benefits during fiscal 2019?",
      "gold_answer": [
        "$44.1 million"
      ],
      "markdown_table_response": "The following is the answer to the user's question (the USPTO's [USPTO's] tax filings and the tax filings and the tax filings and the tax filings and the tax filings and the tax filings and the tax filings and the tax filings and the tax filings and the tax filings and the tax filings and the tax filings and the tax filings and the tax filings and the tax filings and the tax filings and the tax filings and the tax filings and the tax filings and the tax filings and the tax filings and the tax filings and the tax filings and the tax filings and the tax filings and the tax filings and the tax filings and the tax filings and the tax filings and the tax filings and the tax filings and the tax filings and the tax filings and the tax filings and the tax filings and the tax filings and the tax filings and the tax filings and the tax filings and the tax filings and the tax filings and the tax filings and the tax filings and the tax filings and the tax filings and the tax filings and the tax filings and the tax filings and the tax filings and the tax filings and the tax filings and the tax filings and the tax filings and the tax filings and the tax filings and the tax filings and the tax filings and the tax filings and the tax filings",
      "csv_string_response": "The total cost of gross unrecognized tax benefits is $55,532.8 million, excluding a related liability of $55,532.8 million.",
      "json_rows_response": "We have the complete list of all the disputed tax liabilities incurred in the fiscal 2019 and fiscal 2019 of all the disputed tax liabilities."
    },
    {
      "id": "f727529659cb0ae4961acef57af525c9",
      "question": "Why was the disallowance of the shorter deductibility period would not affect the annual effective tax rate but would accelerate the payment of cash to the taxing authority to an earlier period?",
      "gold_answer": [
        "Because of the impact of deferred tax accounting"
      ],
      "markdown_table_response": "Why was the disallowance of the shorter deductibility period so much less than the current effective tax rate?",
      "csv_string_response": "Why was the disallowance of the longer deductible period in the year 2020?",
      "json_rows_response": "The following questions are answered to the Taxation Officer's Question."
    },
    {
      "id": "7f2f115be7f147df526beac98aaf1703",
      "question": "How much were the assets of inventory during fiscal 2018 and 2019, respectively?",
      "gold_answer": [
        "2.6",
        "15.2"
      ],
      "markdown_table_response": "A. The average monthly asset price of $200.00 (in months) of the fiscal year ended May 26, 2019. (columnar dollars in millions except per share amounts)",
      "csv_string_response": "This question is answered by the following answer in each of the following categories:",
      "json_rows_response": "1. The monthly sources of assets (default, interest, penalties, and interest) that were included in the final calculation of the tax rate. The final calculation of the tax rate (default, interest, penalties, and penalties) is presented in Figure 1. The taxable year (the initial year of the tax) is also represented by the final calculation of the tax rate."
    },
    {
      "id": "64c253a197b5912fa08a3fd059ab1f1c",
      "question": "What is the percentage change in the deferred tax assets of accrued expenses as well as federal credits of 2019 compared to 2018?",
      "gold_answer": 56.84,
      "markdown_table_response": "Are the deferred tax assets available to the deferred tax assets of the deferred tax liabilities as of the end of the fiscal year?",
      "csv_string_response": "We have conducted a survey of our survey of the admitted percentage of deferred tax assets in the Australian Bureau of Labor Statistics (ABLTS), which provided an estimate of the percentage of deferred tax liabilities that were fixed by the Labor Department in the Federal Reserve Bank. The Australian Bureau of Labor Statistics estimates that the percentage of deferred tax liabilities in the Australian Bureau of Labor Statistics (ABLTS) is $2.4 million.",
      "json_rows_response": "The Taxation of the Parties and Parties is an important step in the process of calculating interest rates for the three categories of post-petition interest (PIPs) and post-petition interest (PIPs). The purposes of this study are to understand the purpose of the studies on the subject tax implications of the tax provisions of the PIPs."
    },
    {
      "id": "334b38991e9ae7b403e8a87a7b239ede",
      "question": "What is the proportion of the goodwill, trademarks, and other intangible assets, as well as investment in unconsolidated subsidiaries over total liabilities in 2018?",
      "gold_answer": 0.84,
      "markdown_table_response": "What is the amount of the badwill, trademarks, and other intangible assets, as well as investment in unconsolidated subsidiaries over total liabilities in 2018?",
      "csv_string_response": "The final answer is the following:\nThe final answer is the following:\nIn the final answer, all the assets of the consolidated subsidiaries have been properly approved for repayment and the repayment of the interest-based assets.\nThe final answer is the following:\nIn the final answer, all the assets of the consolidated subsidiaries have been properly approved for repayment and the repayment of the interest-based assets.\nThe final answer is the following:\nThe final answer is the following:\nThe final answer is the following:\nThe final answer is the following:\nThe final answer is the following:\nThe final answer is the following:\nThe final answer is the following:\nThe final answer is the following:\nThe final answer is the following:\nThe final answer is the following:\nThe final answer is the following:\nThe final answer is the following:\nThe final answer is the following:\nThe final answer is the following:\nThe final answer is the following:\nThe final answer is the following:\nThe final answer is the following:\nThe final answer is the following:\nThe final answer is the following:\nThe final answer is the following:\nThe final answer is the following",
      "json_rows_response": "The final answer is the highest level of the tax rate of the federal government. This represents an annualized tax rate of $44.1 million. The state treasury, which is a fixed and contingent liability, is responsible for generating the money available in the treasury. As of May 28, 2018, the state treasury is responsible for generating the funds available in the treasury."
    },
    {
      "id": "631f39ecd2dba43f94884cc0b27d729e",
      "question": "What is the total net deferred taxes for assets and liabilities from 2018 to 2019?",
      "gold_answer": 2942.3,
      "markdown_table_response": "The final answer is simple enough that you can subtract a total of assets and liabilities from a total deferred tax liabilities.  If you subtract a total of liabilities from a total deferred tax liability, it means the total assets and liabilities must be over $100,000.  If you subtract a total of liabilities from a total deferred tax liability, it means the total assets and liabilities must be over $100,000.  If you subtract a total of liabilities from a total deferred tax liability, it means the total liabilities must be over $100,000.  The final answer is a simple enough that you can subtract a total of liabilities from a total deferred tax liability, and a total deferred tax liability.",
      "csv_string_response": "Can the aggregate debt be refunded for a period of time from the date of the transaction?",
      "json_rows_response": "The tax assessment of assets and liabilities by 2018 was $1.3 million, excluding the tax liability for assets and liabilities from the calculation of deferred taxes. The calculation of deferred taxes by 2018 was $1.1 million, excluding the tax liability for liabilities from the calculation of deferred taxes. The calculation of deferred taxes by 2018 was $1.1 million, excluding the tax liability for liabilities from the calculation of deferred taxes. The calculation of deferred taxes by 2018 was $1.6 million, excluding the tax liability for liabilities from the calculation of deferred taxes. The calculation of deferred taxes by 2018 was $1.7 million, excluding the tax liability for liabilities from the calculation of deferred taxes. The calculation of deferred taxes by 2018 was $1.7 million, excluding the tax liability for liabilities from the calculation of deferred taxes. The calculation of deferred taxes by 2018 was $1.3 million, excluding the tax liability for liabilities from the calculation of deferred taxes. The calculation of deferred taxes by 2018 was $1.4 million, excluding the tax liability for liabilities from the calculation of deferred taxes by 2018. The calculation of deferred taxes by 2018 was $1.4 million, excluding the tax liability for liabilities for liabilities from the calculation of deferred taxes. The calculation of deferred taxes"
    },
    {
      "id": "92bf47a24098856b240bf55e27b2a4c7",
      "question": "What is the net sales for fiscal years 2019 and 2018 respectively?",
      "gold_answer": [
        "$3,440,258",
        "$3,236,004"
      ],
      "markdown_table_response": "|  |  |  | Year Ended November 31, |  |\n| --- | --- | --- | --- | --- | --- |\n|   | (Initial Quarterly Quarterly Quarterly Quarterly Quarterly Quarterly Quarterly Quarterly Quarterly Quarterly Quarterly Quarterly Quarterly Quarterly Quarterly Quarterly Quarterly Quarterly Quarterly Quarterly Quarterly Quarterly Quarterly Quarterly Quarterly Quarterly Quarterly Quarterly Quarterly Quarterly Quarterly Quarterly Quarterly Quarterly Quarterly Quarterly Quarterly Quarterly Quarterly Quarterly Quarterly Quarterly Quarterly Quarterly Quarterly Quarterly Quarterly Quarterly Quarterly Quarterly Quarterly Quarterly Quarterly Quarterly Quarterly Quarterly Quarterly Quarterly Quarterly Quarterly Quarterly Quarterly Quarterly Quarterly Quarterly Quarterly Quarterly Quarterly Quarterly Quarterly Quarterly Quarterly Quarterly Quarterly Quarterly Quarterly Quarterly Quarterly Quarterly Quarterly Quarterly Quarterly Quarterly Quarterly Quarterly Quarterly Quarterly Quarterly Quarterly Quarterly Quarterly Quarterly Quarterly Quarterly Quarterly Quarterly Quarterly Quarterly Quarterly Quarterly Quarterly Quarterly Quarterly Quarterly Quarterly Quarterly Quarterly Quarterly Quarterly Quarterly",
      "csv_string_response": "What is the net sales for fiscal years 2019 and 2018 respectively?",
      "json_rows_response": "What is the net sales for fiscal years 2019 and 2018 and 2018 respectively?"
    },
    {
      "id": "86d1ab8f1510c6de281bfb81aeb712b8",
      "question": "What is the operating income for fiscal years 2019 and 2018 respectively?",
      "gold_answer": [
        "67,994",
        "29,700"
      ],
      "markdown_table_response": "The fiscal year 2019. The fiscal year 2019. The fiscal year 2018.",
      "csv_string_response": "In the current time period, the operating income is the total number of employees in the period of each fiscal year.",
      "json_rows_response": ""
    },
    {
      "id": "2b2ae07714542bdb9e149e6dfeb94d5c",
      "question": "What data does the table contain?",
      "gold_answer": [
        "Selected Financial Data"
      ],
      "markdown_table_response": "|  |  | Year Ended October 31, |  |  |\n| --- | --- | --- | --- | --- | --- |\n|  | 2019 | 2017 | 2019 | 2017 | 2015 |\n|  |  |  | (In thousands, except per share data)  |  |  |\n| Net sales  | $1,580,542 | $1,548,973 | 1,300,000 | 1,933,973 |\n| Net income  | $3,385,973 | 1,600,000 | 1,933,973 | 1,141,973 |\n| Net income  | $1,739,400 | 1,180,786 | 1,610,956 | 1,305,050 |\n| Net income  | $2,690,242 | 1,188,734 | 1,345,911 | 1,935,973 |\n| Net income  | $3,376,286 | 1,188,739 | 1,287,789 | 1,632,976 |\n| Net income  | $2,313,532 | 1,181,866",
      "csv_string_response": "5.",
      "json_rows_response": "Item 7.0"
    },
    {
      "id": "4cc89377aa421d8d6eece5a7dce4de2d",
      "question": "What is the average cash dividends declared per share for fiscal years 2017 to 2019?",
      "gold_answer": 1.53,
      "markdown_table_response": "Item 6. Selected Financial Data",
      "csv_string_response": ",,,2018,2017,2015,2015,2015\n,,,\"(In thousands, except per share data) \",,\nNet income,\"$3,440,258\",\"$3,236,004\",\"$2,843,004\",\"$2,342,004\",\"$3,342,226\",\"$2,816,057\",\"$2,803,480\"\nOperating income,\"67,994\",\"29,700\",\"425,239\",\"294,111\",\"335,998\"\nTotal assets,\"1,440,258\",\"1,387,893\",\"1,432,862\",\"1,190,262\",\"1,029,861\"\nCash dividends declared per share ,$1.28,$1.28,$2.04,$1.90,$1.38",
      "json_rows_response": "Select the following three questions:"
    },
    {
      "id": "a070ac129ffad54615cd45118c9aea75",
      "question": "What is the change in operating income between fiscal years 2019 and 2018?",
      "gold_answer": 38294,
      "markdown_table_response": "The most recent revision of the financial management system is the so-called \"myth of the year\" in which the financial system was used.",
      "csv_string_response": "**Table Data**\n,,,\n,2019,2018,2017,2016,2015\n,,,\n,2019,2018,2017,2016,2015\n,,,\n,2019,2018,2017,2016,2015\n,,,\n,2019,2018,2018,2015,2016,2015\n,,,\n,2019,2018,2017,2015\n,,,\n,2019,2018,2017,2015,2015\n,,,\n,2019,2018,2017,2016,2015\n,,,\n,2019,2018,2017,2015\n,,,\n,2019,2018,2017,2015\n,,,\n,2019,2018,2017,2015\n,,,\n,2019,2018,2017,2015\n,,,\n,2019,2018,2017,2015\n,,,\n,2019,2018,2017,2015\n,,,\n,2019,2018,2017,2015\n,,,\n,2019,2018,2017,2015\n,,,\n,2019,2018,2017,2015\n,,,\n,2019,2018,2017,2015\n,,,\n,2019,2018,2017,2015\n,,,\n,2019,2018,2017,2015\n,,,\n,2019,2018,",
      "json_rows_response": ""
    },
    {
      "id": "27f6efd18696c43720f1ca2e94c0f7e5",
      "question": "What is the average basic earnings per share for fiscal years 2017 to 2019?",
      "gold_answer": 5.8,
      "markdown_table_response": "What is the average basic earnings per share for fiscal years 2018 to 2019?",
      "csv_string_response": "To answer a question that was not answered, please refer to the table below.",
      "json_rows_response": "Item 1. Total Cost of the Monetary System for the Year"
    },
    {
      "id": "227a0357e3487e7cd5ff15b8d86b1045",
      "question": "Which years does the table provide information for the projected benefit obligation, accumulated benefit obligation and fair value of plan assets for the company's Pension Plans?",
      "gold_answer": [
        "2020",
        "2019",
        "2018"
      ],
      "markdown_table_response": "We consider three alternatives for the projected benefit obligation. The first, we consider the following:",
      "csv_string_response": "To determine the effectiveness of this plan, we examine the impact of the proposed research on the impact of this plan on the Company's pension plans and the Company's current liabilities.",
      "json_rows_response": "If you have a financial plan asset allocation problem, you need to review it and give it to the relevant financial advisor, the advisor, or any relevant financial advisor."
    },
    {
      "id": "96befaa0c44ad3b87b7ae3ecbebecc15",
      "question": "What was the target allocation for Equity Securities in 2020?",
      "gold_answer": [
        "13"
      ],
      "markdown_table_response": "We have the following questions on the topic of Equity Securities in 2020.",
      "csv_string_response": "The final answer for the question, which is designed to be a three-part analysis of the financial markets, is a low-cost, high-quality, and high-quality investment strategy designed to assess the financial risks of equity securities in 2020. The question asks whether a company's interest in equity securities was \"payable with a value of $10,000 per share\" and whether the equity securities were \"disclosed or not.\" The question asks whether equity securities were \"disclosed or not.\"",
      "json_rows_response": "[\n  {\n    \"\": \"2020\",\n    \"Target Allocations\": \"2020\",\n    \"Percentage of Plan Assets at December 31,\": \"3%\"\n  },\n  {\n    \"\": \"4%\",\n    \"Target Allocations\": \"4%\",\n    \"Percentage of Plan Assets at December 31,\": \"3%\"\n  },\n  {\n    \"\": \"4%\",\n    \"Target Allocations\": \"4%\",\n    \"Percentage of Plan Assets at December 31,\": \"3%\"\n  },\n  {\n    \"\": \"4%\",\n    \"Target Allocations\": \"4%\",\n    \"Percentage of Plan Assets at December 31,\": \"3%\"\n  },\n  {\n    \"\": \"4%\",\n    \"Target Allocations\": \"4%\",\n    \"Percentage of Plan Assets at December 31,\": \"3%\"\n  },\n  {\n    \"\": \"4%\",\n    \"Target Allocations\": \"4%\",\n    \"Percentage of Plan Assets at December 31,\": \"3%\"\n  },\n  {"
    },
    {
      "id": "7be50a024f33fd10128205b582139f93",
      "question": "What was the percentage of Plan Assets for Other assets in 2019?",
      "gold_answer": [
        "4"
      ],
      "markdown_table_response": "How did the proposed plan differ from the existing plan, even if we assumed the plan had not been approved?",
      "csv_string_response": ",\n,\n,\n,\n,\n,\n,\n,\n,\n,\n,\n,\n,\n,\n,\n,\n,\n,\n,\n,\n,\n,\n,\n,\n,\n,\n,\n,\n,\n,\n,\n,\n,\n,\n,\n,\n,\n,\n,\n,\n,\n,\n,\n,\n,\n,\n,\n,\n,\n,\n,\n,\n,\n,\n,\n,\n,\n,\n,\n,\n,\n,\n,\n,\n,\n,\n,\n,\n,\n,\n,\n,\n,\n,\n,\n,\n,\n,\n,\n,\n,\n,\n,\n,\n,\n,\n,\n,\n,\n,\n,\n,\n,\n,\n,\n,\n,\n,\n,\n,\n,\n,\n,\n,\n,\n,\n,\n,\n,\n,\n,\n,\n,\n,\n,\n,\n,\n,\n,\n,\n,\n,\n,\n,\n,\n,\n,\n,",
      "json_rows_response": "[\n  {\n    \"\": \"2018\",\n    \"Target Allocations\": \"2020\",\n    \"Percentage of Plan Assets at December 31,\": \"2017\"\n  },\n  {\n    \"\": \"2018\",\n    \"Target Allocations\": \"2018\",\n    \"Percentage of Plan Assets at December 31,\": \"2017\"\n  },\n  {\n    \"\": \"2018\",\n    \"Target Allocations\": \"2018\",\n    \"Percentage of Plan Assets at December 31,\": \"2017\"\n  },\n  {\n    \"\": \"2018\",\n    \"Target Allocations\": \"2018\",\n    \"Percentage of Plan Assets at December 31,\": \"2017\"\n  },\n  {\n    \"\": \"2018\",\n    \"Target Allocations\": \"2018\",\n    \"Percentage of Plan Assets at December 31,\": \"2017\"\n  },\n  {\n    \"\": \"2018\",\n    \"Target Allocations\": \"2018\",\n    \"Percentage of Plan Assets at December 31,\": \"2017\"\n  },\n  {\n    \"\": \"2018\",\n    \"Target All"
    },
    {
      "id": "fe4320392585bec48b98562051cbd3e1",
      "question": "Which years did the percentage of plan assets for Debt Securities exceed 80% for 2018 and 2019?",
      "gold_answer": [
        "2019",
        "2018"
      ],
      "markdown_table_response": "If you are interested in applying for a debt securities retirement plan, please refer to the following page.",
      "csv_string_response": ",Target Allocations,Percentage of Plan Assets at December 31, 2019, and 2018, and target allocation for 2020 by asset category are as follows:\nWe use a liability-driven investment strategy whereby a mix of equity and fixed-income investments are used to pursue a Derisk strategy which over time seeks to reduce interest rate mismatch risk and other risks while achieving a return that matches or exceeds the growth in projected pension plan liabilities. Risk tolerance is established through careful consideration of plan liabilities and funded status.",
      "json_rows_response": "[\n  {\n    \"\": \"2018\",\n    \"Target Allocations\": \"2020\",\n    \"Percentage of Plan Assets at December 31,\": \"2018\"\n  },\n  {\n    \"\": \"2016\",\n    \"Target Allocations\": \"2018\",\n    \"Percentage of Plan Assets at December 31,\": \"2018\"\n  },\n  {\n    \"\": \"2020\",\n    \"Target Allocations\": \"2018\",\n    \"Percentage of Plan Assets at December 31,\": \"2018\"\n  },\n  {\n    \"\": \"2020\",\n    \"Target Allocations\": \"2018\",\n    \"Percentage of Plan Assets at December 31,\": \"2018\"\n  },\n  {\n    \"\": \"2020\",\n    \"Target Allocations\": \"2018\",\n    \"Percentage of Plan Assets at December 31,\": \"2018\"\n  },\n  {\n    \"\": \"2020\",\n    \"Target Allocations\": \"2018\",\n    \"Percentage of Plan Assets at December 31,\": \"2018\"\n  },\n  {\n    \"\": \"2018\",\n    \"Target All"
    },
    {
      "id": "a5a2a73fe4570829e894a26280020110",
      "question": "What was the change in the percentage of plan assets for Equity Securities between 2018 and 2019?",
      "gold_answer": 1,
      "markdown_table_response": "What is the cost of the equity portfolio?",
      "csv_string_response": "What was the change in the percentage of plan assets that are valued at the liabilities of Equity Securities at the time of the change?",
      "json_rows_response": "What was the change in percentage of plan assets for Equity Securities between 2018 and 2019?"
    },
    {
      "id": "e1630c53af12657dfb9a2ebff91e3641",
      "question": "What was the difference between the target allocations of Debt Securities and Other assets in 2020?",
      "gold_answer": 79,
      "markdown_table_response": "We will use the following three answers to all questions as the basis for the following answers to the following questions:",
      "csv_string_response": "\"Total,100,100,100,100,100,100,100,100,100,100,100,100,100,100,100,100,100,100,100,100,100,100,100,100,100,100,100,100,100,100,100,100,100,100,100,100,100,100,100,100,100,100,100,100,100,100,100,100,100,100,100,100,100,100,100,100,100,100,100,100,100,100,100,100,100,100,100,100,100,100,100,100,100,100,100,100,100,100,100,100,100,100,100,100,100,100,100,100,100,100,100,100,100,100,100,100,100,100,100,100,100,100,100,100,100,100,100,100,100,100,100,100,100,100,100,100,100,100,100,100,100,100,100,100,100,100,",
      "json_rows_response": "When a plan is selected, the target allocations of Debt Securities and Other assets are held by the target allocations of the Debt Securities and Other assets and the other assets."
    },
    {
      "id": "cd9813f053d0a67b0bef4911eb10d61e",
      "question": "What are the types of past due but not impaired receivables?",
      "gold_answer": [
        "0 to 1 month overdue",
        "1 to 2 months overdue",
        "Over 2 months overdue"
      ],
      "markdown_table_response": "The following is a total of:",
      "csv_string_response": "",
      "json_rows_response": "[\n  {\n    \"\": \"2018\",\n    \"Consolidated\": \"2018\"\n  },\n  {\n    \"\": \"US$000\",\n    \"Consolidated\": \"US$000\"\n  },\n  {\n    \"\": \"1,270\",\n    \"Consolidated\": \"1,470\"\n  },\n  {\n    \"\": \"2,684\",\n    \"Consolidated\": \"1,934\"\n  },\n  {\n    \"\": \"4,963\",\n    \"Consolidated\": \"3,134\",\n    \"Consolidated\": \"1,914\"\n  },\n  {\n    \"\": \"2,868\",\n    \"Consolidated\": \"3,131\",\n    \"Consolidated\": \"1,988\"\n  },\n  {\n    \"\": \"8,462\",\n    \"Consolidated\": \"1,919\"\n  },\n  {\n    \"\": \"2,720\",\n    \"Consolidated\": \"1,960\",\n    \"Consolidated\": \"1,919\"\n  },\n  {\n    \"\": \"2,719\","
    },
    {
      "id": "7e8713159acc172c385de26fc9e4e250",
      "question": "How many day terms do the trade receivables generally have?",
      "gold_answer": [
        "30 to 90"
      ],
      "markdown_table_response": "The correct answer is that the only way to know the value of a specified asset is to calculate the risk of the asset being used for the loan. This can be done by accounting methodology:",
      "csv_string_response": ",Financial,\n,2019,2018\n,US$10,638\",\"1,570\"\n1 to 2 months overdue,\"1,424\",\"1,275\"\n,25,654\",\"1,027\"\n,60,748\",\"1,536\"\n,36,213\",\"1,943\"\n,70,766\",\"1,527\"\n,53,822\",\"1,573\"\n,51,835\",\"1,621\"\n,53,935\",\"1,611\"\n,57,746\",\"1,618\"\n,25,731\",\"1,614\"\n,30,694\",\"1,945\"\n,47,678\",\"1,822\"\n,6,832\",\"1,948\"\n,24,869\",\"1,848\"\n,54,506\",\"1,912\"\n,49,605\",\"1,948\"\n,52,823\",\"1,948\"\n,59,935\",\"1,948\"\n,5,719\",\"1,948\"\n,57,736\",\"1,948\"\n,54,506\",\"1",
      "json_rows_response": "[\n  {\n    \"\": \"2018\",\n    \"Consolidated\": \"2019\"\n  },\n  {\n    \"\": \"3,535\",\n    \"Consolidated\": \"5,139\"\n  },\n  {\n    \"\": \"2,655\",\n    \"Consolidated\": \"5,287\"\n  },\n  {\n    \"\": \"3,535\",\n    \"Consolidated\": \"5,787\"\n  },\n  {\n    \"\": \"2,107\",\n    \"Consolidated\": \"5,127\"\n  },\n  {\n    \"\": \"2,657\",\n    \"Consolidated\": \"5,845\"\n  },\n  {\n    \"\": \"6,786\",\n    \"Consolidated\": \"5,287\"\n  },\n  {\n    \"\": \"6,766\",\n    \"Consolidated\": \"5,787\"\n  },\n  {\n    \"\": \"6,869\",\n    \"Consolidated\": \"5,287\"\n  },\n  {\n    \"\": \"6,869\",\n    \"Cons"
    },
    {
      "id": "e552fb9aed5420172ab62eb83d04861c",
      "question": "How are debts which are known to be uncollectable written off?",
      "gold_answer": [
        "by reducing the carrying amount directly"
      ],
      "markdown_table_response": "What are debts which are known to be uncollectable with regard to the financial asset?",
      "csv_string_response": "--",
      "json_rows_response": "[\n  {\n    \"\": \"2018\",\n    \"Consolidated\": \"2018\"\n  },\n  {\n    \"\": \"2013\",\n    \"Consolidated\": \"2018\"\n  },\n  {\n    \"\": \"3,990\",\n    \"Consolidated\": \"4,950\",\n    \"Consolidated\": \"5,943\",\n    \"Consolidated\": \"6,535\",\n    \"Consolidated\": \"7,852\",\n    \"Consolidated\": \"8,362\",\n    \"Consolidated\": \"9,871\",\n    \"Consolidated\": \"10,314\",\n    \"Consolidated\": \"11,787\",\n    \"Consolidated\": \"12,272\",\n    \"Consolidated\": \"13,233\",\n    \"Consolidated\": \"14,582\",\n    \"Consolidated\": \"15,775\",\n    \"Consolidated\": \"16,731\",\n    \"Consolidated\": \"17,309\",\n    \"Consolidated\": \"18,959\",\n    \"Consolidated\": \"19,000\",\n    \"Consolidated\": \"20,921\",\n    \"Consolidated\": \""
    },
    {
      "id": "e84ddc532bbe469b2f4a37e34ee3c695",
      "question": "What is the percentage change in total past due but not impaired receivables from 2018 to 2019?",
      "gold_answer": 35.25,
      "markdown_table_response": "How to calculate the percentage change in total past due from 2018 to 2019?",
      "csv_string_response": "\"3,344\" is the percentage change from the previous day to the previous day of the period.",
      "json_rows_response": "How are the financial losses attributable to the present balance?"
    },
    {
      "id": "bbb46c071300d93b614a99abcf8494b8",
      "question": "Which year had a greater Over 2 months overdue past due but not impaired receivables?",
      "gold_answer": [
        "2019"
      ],
      "markdown_table_response": "When an asset is considered for impairment, the following is the total number of years the asset has been identified for the past 1 year or less. The total number of years the asset has been identified for the past 1 year is the total number of years the asset has been identified for the past 1 year or less. The number of years has been identified for the past 1 year and the total number of years in the asset has been less than the previous 1 year.",
      "csv_string_response": ",Consolidated,\n,2019,2018\n,US$000,US$000\n0 to 1 month overdue due,\"5,145\",\"2,935\"\n1 to 2 months overdue,\"1,424\",\"1,275\"\n1 to 2 months overdue,\"1,424\",\"1,275\"",
      "json_rows_response": "[\n  {\n    \"\": \"2018\",\n    \"Consolidated\": \"2019\"\n  },\n  {\n    \"\": \"4,1,4,1,1,1,1,1,1,1,1,1,1,1,1,1,1,1,1,1,1,1,1,1,1,1,1,1,1,1,1,1,1,1,1,1,1,1,1,1,1,1,1,1,1,1,1,1,1,1,1,1,1,1,1,1,1,1,1,1,1,1,1,1,1,1,1,1,1,1,1,1,1,1,1,1,1,1,1,1,1,1,1,1,1,1,1,1,1,1,1,1,1,1,1,1,1,1,1,1,1,1,1,1,1,1,1,1,1,1,1,1,1"
    },
    {
      "id": "cab19a7970ec3ecb2c0af25d6cfbca30",
      "question": "What is the percentage change of past due but not impaired receivable that is over 2 months overdue from 2018 to 2019?",
      "gold_answer": 2.84,
      "markdown_table_response": "1.  Desired Answer\n2.  Defined as to the number of accounts receivables that are affected by the current debt, the amount of the current debt was added to the total amount of the impairment allowance.",
      "csv_string_response": "What is the percentage change in past due but not impaired receivable that is over 2 months overdue from 2018 to 2019?",
      "json_rows_response": "To determine the amount of past due due due and not impaired receivable that is over 10 months overdue, we have the following questions:"
    },
    {
      "id": "3f92234b9ec6ad18ac851f062ffe93e2",
      "question": "What does the deferred income taxes reflect?",
      "gold_answer": [
        "the net effect of temporary differences between the carrying amounts of assets and liabilities for financial reporting purposes and amounts used for income tax purposes"
      ],
      "markdown_table_response": "19. INCOME TAXES\nDeferred income taxes reflect the net effect of temporary differences between the carrying amounts of assets and liabilities for financial reporting purposes. The components of our deferred income tax assets and liabilities are as follows:",
      "csv_string_response": "19. INCOME TAXES\nDeferred income tax assets, income tax liabilities, and credits. The Federal and Foreign net operating losses and credits are computed on the basis of the assets and liabilities listed in Section 382.",
      "json_rows_response": "The total net income of the NOL carryforward is $1,493.2 million, of which $1,898.9 million was invested in a year in the project.\nThe NOL carryforward is the year of the tax year and the year that the NOL carryforward is the year of the tax year."
    },
    {
      "id": "c91185569a4dee8ffc347ca66f16797e",
      "question": "What was the gross federal net operating loss in 2019?",
      "gold_answer": [
        "$923.4 million"
      ],
      "markdown_table_response": "10. If you are still interested in a question of fact you should contact the Tax Office or the Tax Office directly.",
      "csv_string_response": "0.8.1 Percent of net operating loss in 2019?",
      "json_rows_response": "1.  A tax loss is a question of the right of a taxpayer to an individual taxpayer, such as a tax year, to the extent that a taxpayer has made a tax year. It is a question of whether a taxpayer has made a tax year. If not, the taxpayer must make a tax year."
    },
    {
      "id": "6e802fd2a923bb3d5d660e7789dc9bd5",
      "question": "What was the Federal and foreign net operating losses and credits in 2019 and 2018 respectively?",
      "gold_answer": [
        "$263,199",
        "$321,982"
      ],
      "markdown_table_response": "19. INCOME TAXES\nDeferred income taxes reflect the net loss of a portion of the assets (those liabilities) of an operating loss (the property liabilities) for the taxable year (including the interest), and to the extent of the deficit. For these losses, the Federal and foreign net operating losses and credits and the amount of their net operating losses are computed as follows:",
      "csv_string_response": ",\"September 28, 2019\",\"September 29, 2018\"\n  $36,922,480,288,560,564,982,500,500,400,500,480,480,631,826,904,842,646,987,700,934,000,000,000,000,000,000,000,000,000,000,000,000,000,000,000,000,000,000,000,000,000,000,000,000,000,000,000,000,000,000,000,000,000,000,000,000,000,000,000,000,000,000,000,000,000,000,000,000,000,000,000,000,000,000,000,000,000,000,000,000,000,000,000,000,000,000,000,000,000,000,000,000,000,000,000,000,000,000,000,000,000,000,000,000,000,000,000,000,000,000,000,000,000,000,000,000,000",
      "json_rows_response": "As of September 27, 2019, we had $1,203.4 million of gross federal net operating loss (FOLN) in the amount of $1,163.3 million in the amount of $1,121.9 million of net operating loss (FOLN) in the amount of $1,163.3 million in the amount of $1,121.9 million of net operating loss (FOLN) in the amount of $1,131.9 million in the amount of $1,121.9 million of net operating loss (FOLN) in the amount of $1,181.2 million of net operating loss (FOLN) in the amount of $1,362.2 million of net operating loss (FOLN) in the amount of $1,162.5 million of net operating loss (FOLN) in the amount of $1,198.2 million of net operating loss (FOLN) in the amount of $1,361.2 million of net operating loss (FOLN) in the amount of $1,093.6 million of net operating loss (FOLN) in the amount of $1,966.2 million of net operating loss"
    },
    {
      "id": "0a5bf43b11e96289f11f5f5105b1da4a",
      "question": "In which year was intangible assets negative?",
      "gold_answer": [
        "2018"
      ],
      "markdown_table_response": "1.  **Amount of assets:**   **Unlisted assets:**  **Deposit and stock of assets:**  **Unlisted assets:**  **Unlisted assets:**  **Unlisted assets:**  **Unlisted assets:**  **Unlisted assets:**  **Unlisted assets:**  **Unlisted assets:**  **Unlisted assets:**  **Unlisted assets:**  **Unlisted assets:**  **Unlisted assets:**  **Unlisted assets:**  **Unlisted assets:**  **Unlisted assets:**  **Unlisted assets:**  **Unlisted assets:**  **Unlisted assets:**  **Unlisted assets:**  **Unlisted assets:**  **Unlisted assets:**  **Unlisted assets:**  **Unlisted assets:**  **Unlisted assets:**  **Unlisted assets:**  **Unlisted assets:**  **Unlisted assets:**  **Unlisted assets:**  **Unlisted assets:**  **Unlisted assets:**  **Unlisted assets:**  **Unlisted assets:**  **Unlisted assets:**  **Unlisted assets:**  **Unlisted assets:**  **Unlisted assets:**  **Unlisted assets:**  **Unlisted assets:**  **Unlisted assets:**  **Unlisted assets",
      "csv_string_response": "30. INCOME TAXES\nDeferred income tax liabilities (liabilities):   ,,\nFederal and foreign net operating losses and credits.",
      "json_rows_response": "2019 NOL carryforward is one of the most significant factors affecting the tax consequences of the \"taxes\"."
    },
    {
      "id": "343e3aa85d24d2cfaf9e0220358b7050",
      "question": "What was the change in the Other non-current deferred tax assets from 2018 to 2019?",
      "gold_answer": 3083,
      "markdown_table_response": "As of September 27, 2019, we had $95 million of gross federal net operating loss (\"NOL\") carryforwards consisting of $18.7 million relating to our acquisition of NOL carryforward, but was not obligated to pay any loss due to the risk of loss.",
      "csv_string_response": "What was the change in the Other non-current deferred tax assets from 2018 to 2019?",
      "json_rows_response": "What was the new non-current deferred tax assets from 2018 to 2019?"
    },
    {
      "id": "1b4108dfea9cc5047328dbdc7d31e766",
      "question": "What was the average Deferred compensation for 2018 and 2019?",
      "gold_answer": 1905,
      "markdown_table_response": "19. THE INCOME TAXES\nDEFerred income taxes reflect the net effect of temporary differences between the carrying amounts of assets and liabilities for financial reporting purposes. The components of our deferred tax assets and liabilities are as follows:",
      "csv_string_response": "3. To ask the question, the answer must be the same as the answer. If the answer is a question, then the answer is an answer that is a question that is a question that is a question that is a question that is a question that is a question that is a question that is a question that is a question that is a question that is a question that is a question that is a question that is a question that is a question that is a question that is a question that is a question that is a question that is a question that is a question that is a question that is a question that is a question that is a question that is a question that is a question that is a question that is a question that is a question that is a question that is a question that is a question that is a question that is a question that is a question that is a question that is a question that is a question that is a question that is a question that is a question that is a question that is a question that is a question that is a question that is a question that is a question that is a question that is a question that is a question that is a question that is a question that is a question that is a question that is a question that is",
      "json_rows_response": "20. VENDOR OF THE INCOME TAXES\nDeferred income tax liabilities include the following:"
    },
    {
      "id": "f9b4661a1bafc824ab65e2b0f06ff408",
      "question": "What was the income tax benefit in 2018?",
      "gold_answer": [
        "$18.5 million"
      ],
      "markdown_table_response": "The Tax Act (2017) provides that we will continue to use the tax benefits of the tax credits in the United States, including:",
      "csv_string_response": "The minimum income tax benefit for the year 2018 is $4,505,875,000. The tax benefit is $4,557,800,000. The tax benefit is $1,368,810,000.",
      "json_rows_response": "[\n  {\n    \"\": \"\",\n    \"Fiscal years ended July 31, 2018\"\n  },\n  {\n    \"\": \"0.9%\",\n    \"Fiscal years ended July 31, 2018\"\n  },\n  {\n    \"\": \"0.8%\",\n    \"Fiscal years ended July 31, 2018\"\n  },\n  {\n    \"\": \"0.9%\",\n    \"Fiscal years ended July 31, 2018\"\n  },\n  {\n    \"\": \"0.7%\",\n    \"Fiscal years ended July 31, 2018\"\n  },\n  {\n    \"\": \"0.6%\",\n    \"Fiscal years ended July 31, 2018\"\n  },\n  {\n    \"\": \"0.7%\",\n    \"Fiscal years ended July 31, 2018\"\n  },\n  {\n    \"\": \"0.8%\",\n    \"Fiscal years ended July 31, 2018\"\n  },\n  {\n    \"\": \"0.6%\",\n    \"Fiscal years ended July 31, 2018\""
    },
    {
      "id": "2cd91d7ed529bef7027c8b1874c74f58",
      "question": "What was the income tax benefit in 2019?",
      "gold_answer": [
        "$8.3 million"
      ],
      "markdown_table_response": "The Tax Act is a government-regulated tax that is exempted from all tax rules. The tax shall be applied to the United States in the manner described in this article.",
      "csv_string_response": "The IRS was not satisfied with the following tax benefits:",
      "json_rows_response": "[\n  {\n    \"\": \"\",\n    \"Fiscal years ended July 31, 2019,\": \"2019\"\n  }\n]"
    },
    {
      "id": "fa85171aa5472ad30e2ed829262fd75a",
      "question": "What was the Effective tax rate in 2019 and 2018 respectively?",
      "gold_answer": [
        "(66)%",
        "(223)%"
      ],
      "markdown_table_response": "What was the effective tax rate in 2019 and 2018?",
      "csv_string_response": "I am satisfied that the IRS is not required to apply the effective tax rate in 2019 to the United States as it is not appropriate to apply the effective tax rate in 2019.",
      "json_rows_response": "We are not aware of any tax rates or rates that may affect our effectiveness in taxing the economy, but are not aware of any tax rates that affect our effectiveness in taxing the economy, nor are we aware of any tax rates that affect our effectiveness in taxing the economy.\nIf you want to know more about the impact of tax rates and the effect on tax rate by the taxing the economy, please feel free to contact us at jl.huviek@gmail.com.\nPlease do not hesitate to contact us at jl.huviek@gmail.com."
    },
    {
      "id": "a79311cf198fe3c0b698543ae20ca9b9",
      "question": "What was the average Provision for (benefit from) income taxes for 2018 and 2019?",
      "gold_answer": 5093.5,
      "markdown_table_response": "Do you want to comment about the specific tax benefits that you receive from your tax bill?",
      "csv_string_response": "\"(1) The average Provision for (benefit from) income taxes for 2018 and 2019,\n  (2) The average Provision for (benefit from) income taxes for 2019 and\n  (3) The average Provision for (benefit from) income taxes for 2019 and\n  (4) The average Provision for (benefit from) income taxes for 2019 and\n  (5) The average Provision for (benefit from) income taxes for 2019 and\n  (6) The average Provision for (benefit from) income taxes for 2019 and\n  (7) The average Provision for (benefit from) income taxes for 2019 and\n  (8) The average Provision for (benefit from) income taxes for 2019 and\n  (9) The average Provision for (benefit from) income taxes for 2019 and\n  (10) The average Provision for (benefit from) income taxes for 2019 and\n  (11) The average Provision for (benefit from) income taxes for 2019 and\n  (12) The average Provision for (benefit from) income taxes for 2019 and\n  (13) The average Provision for (benefit from)",
      "json_rows_response": "What was the average Provision for (benefit from) income taxes for 2018 and 2019?"
    },
    {
      "id": "c58cbaa160664d5e1a4ca246ebd09f76",
      "question": "What was the change in the Effective tax rate from 2018 to 2019?",
      "gold_answer": 157,
      "markdown_table_response": "Is the tax rate of the same or different tax provisions of the Act?",
      "csv_string_response": "We have carefully reviewed the evidence presented at the meeting in the United States Tax Journal of the Year (2015). The December 20th meeting was on the 20th of January, 2018, and included an example of the “March 2019” of the “March 2019.” The second meeting of the United States Tax Journal was in the United States Tax Journal of the Year (January 31, 2018). The report at the meeting was prepared and revised.\nThe meeting was conducted at the United States Tax Journal of the Year (January 31, 2018).",
      "json_rows_response": "In the third quarter of the 2018 tax year, we will discuss the revised effective tax rate for FY 2019 and the tax rate reductions for FY 2019. We are also interested in evaluating the effect of the provisions of the Tax Act on FY 2019."
    },
    {
      "id": "f2c6b8869cdfa8d44d6aeeaef106658a",
      "question": "In which year was Provision for (benefit from) income taxes negative?",
      "gold_answer": [
        "2019"
      ],
      "markdown_table_response": "To address a specific question, we will collect information on a certain year's tax rate.",
      "csv_string_response": "According to our Decision Sheet, we have voted in a majority vote against the tax proposal to “save the income tax” on the GILTI tax provisions (which we are in the process of reviewing). We have also voted in a majority vote against the tax proposal to pay for the GILTI tax provisions (which we are in the process of reviewing).",
      "json_rows_response": "No dates are specified for the fiscal year 2018 income tax provision."
    },
    {
      "id": "cb4ad29da9dabad1a0b3d810108f97b7",
      "question": "Why did the company exclude certain expenses from their calculation of Adjusted EBITDA?",
      "gold_answer": [
        "facilitates comparisons of our operating performance on a period-to-period basis and, in the case of exclusion of acquisition-related expense and certain historical legal expenses, excludes items that we do not consider to be indicative of our core operating performance."
      ],
      "markdown_table_response": "|  | Year Ended December 31, |  |  |\n| --- | --- | --- | --- | --- | --- |\n|  | 2019 | 2018 | 2017 | 2015 |\n| Adjusted EBITDA | $109,060 | $9,781 | $22,631 | $2,975 | 4,975 |\n| Adjustments: |  |  |  |  |  |\n| Interest expense, interest income and other income, net | (8,483) | $1,219 | $6,975 | 5,836 |\n| Adjustments: |  |  |  |  |  |\n| Interest expense, interest income and other income, net | (8,483) | $1,536 | $2,089 | $2,975 |\n| Adjustments: |  |  |  |  |  |\n| Interest expense, interest income and other income, net | (8,483) | $1,731 | $1,975 | 5,836 |\n| Adjustments: |  |  |  |  |  |  |\n| Interest expense, interest income and other",
      "csv_string_response": "(1)",
      "json_rows_response": "When an expense is excluded from the calculation of Adjusted EBITDA, we calculate the total share of the financial market, the largest share of the market, and the most significant share of the market."
    },
    {
      "id": "d046f47404c7bac5123b0d27dd27ea1d",
      "question": "What was the net income in 2019?",
      "gold_answer": [
        "$53,330"
      ],
      "markdown_table_response": "The following table shows the net income in the period preceding the commencement of the implementation of the GAAP-based financial performance measure.",
      "csv_string_response": "\"*\"It is true that the GAAP financial results have the same effect on the future of an economy as the GAAP financial results, and is comparable to the GAAP financial results.\"--",
      "json_rows_response": "Questions, questions, answers, answers, questions, and answers should be answered immediately."
    },
    {
      "id": "767ff18f6ca39a8ab83765bc72336a68",
      "question": "What was the amount of amortization and depreciation expense in 2018?",
      "gold_answer": [
        "21,721"
      ],
      "markdown_table_response": "Would you consider adjusting the Amortization and depreciation expense in 2018?",
      "csv_string_response": ",2,542,962,834,968,972,914,922,923,942,962,968,968,943,979,976,968,983,985,985,986,985,986,987,989,985,986,987,988,989,990,991,992,993,994,995,996,997,998,999,9a,9b,9c,9d,9e,9f,9g,9h,9g,9i,9k,9m,9m,9m,9m,9m,9m,9m,9m,9m,9m,9m,9m,9m,9m,9h,9m,9m,9m,9h,9m,9m,9m,9m,9m,9m,9m,9m,9m,9m,9h,9h,9h,9h,9m,9h",
      "json_rows_response": "What was the amount of depreciation expense that was incurred in the year after the first of the year 2018?"
    },
    {
      "id": "f7ca7ef1453d0be5a5b9041287650727",
      "question": "How many years did the total adjustments exceed $50,000 thousand?",
      "gold_answer": "2",
      "markdown_table_response": "The most important question we have is whether the adjustment will be sufficient to make the adjustments, and whether the adjustments are sufficient to make the adjustments. For example, if the amount of change in the asset's current rate and the amount of increase in the depreciation expense be subtracted from the asset's current rate, the ratio of the adjusted EBITDA to the adjusted EBITDA will be zero and the amount of increase in the current rate will be equal to the adjusted EBITDA. If the balance of the asset's current rate and the current depreciation expense are subtracted from the current EBITDA, the adjustment will be minus the adjustment. If the balance of the asset's current rate and the current depreciation expense are subtracted from the current EBITDA, the adjustment will be minus the adjustment. If the balance of the asset's current rate and the current depreciation expense are subtracted from the current EBITDA, the adjustment will be minus the adjustment. If the balance of the asset's current rate and the current depreciation expense are subtracted from the current EBITDA, the adjustment will be minus the adjustment.",
      "csv_string_response": "",
      "json_rows_response": "[\n  {\n    \"\": \"2015\",\n    \"Year Ended December 31,\": \"2017\"\n  },\n  {\n    \"\": \"5,697\",\n    \"Year Ended December 31,\": \"2017\"\n  },\n  {\n    \"\": \"5,807\",\n    \"Year Ended December 31,\": \"2017\"\n  },\n  {\n    \"\": \"4,541\",\n    \"Year Ended December 31,\": \"2017\"\n  },\n  {\n    \"\": \"5,709\",\n    \"Year Ended December 31,\": \"2017\"\n  },\n  {\n    \"\": \"5,807\",\n    \"Year Ended December 31,\": \"2017\"\n  },\n  {\n    \"\": \"4,541\",\n    \"Year Ended December 31,\": \"2017\"\n  },\n  {\n    \"\": \"5,709\",\n    \"Year Ended December 31,\": \"2017\"\n  },\n  {\n    \"\": \"5,709\",\n    \"Year Ended December 31,\": \"2017\"\n  },\n  {"
    },
    {
      "id": "df3c0983164b2b85c7ea5287f1cd20b5",
      "question": "What was the change in the litigation expense between 2017 and 2018?",
      "gold_answer": 38517,
      "markdown_table_response": "If you have any questions about this product, please contact our FAQs@Gazette.com.",
      "csv_string_response": "**Notwithstanding the initial disclosures that we have made to the law firm, we have not received any information from the law firm nor our other GAAP financial results. We have not received any information from the law firm nor our GAAP financial results.",
      "json_rows_response": "[\n  {\n    \"\": \"2017\",\n    \"Year Ended December 31,\": \"2017\"\n  },\n  {\n    \"\": \"2018\",\n    \"Year Ended December 31,\": \"2017\"\n  },\n  {\n    \"\": \"2018\",\n    \"Year Ended December 31,\": \"2017\"\n  },\n  {\n    \"\": \"2018\",\n    \"Year Ended December 31,\": \"2017\"\n  },\n  {\n    \"\": \"2018\",\n    \"Year Ended December 31,\": \"2017\"\n  },\n  {\n    \"\": \"2018\",\n    \"Year Ended December 31,\": \"2017\"\n  },\n  {\n    \"\": \"2018\",\n    \"Year Ended December 31,\": \"2017\"\n  },\n  {\n    \"\": \"2018\",\n    \"Year Ended December 31,\": \"2017\"\n  },\n  {\n    \"\": \"2018\",\n    \"Year Ended December 31,\": \"2017\"\n  },\n  {\n    \"\": \"2018\",\n    \"Year Ended December 31,\": \""
    },
    {
      "id": "7e2290f656cbeef6d9a61c02767b752c",
      "question": "What was the percentage change in adjusted EBITDA between 2018 and 2019?",
      "gold_answer": 16.36,
      "markdown_table_response": "|  | Year Ended December 31, |  |  |\n| --- | --- | --- | --- | --- | --- | --- |\n| --- | 2019 | 2016 | 2017 | 2017 | 2015 |\n| Adjusted EBITDA: |  |  |  |  |  |  |\n| Net income: | $53,330 | $21,524 | $29,251 | $10,154 | $11,768 |\n| Adjustments: |  |  |  |  |  |\n| Interest expense, interest income and other income, net income and other net income, net income and other net income, net income and other net income, net income and other net income, net income and other net income, net income and other net income, net income and other net income, net income and other net income, net income and other net income, net income and other net income, net income and other net income, net income and other net income, net income and other net income, net income and other net income, net income and other net income, net income and other net income, net income and other net income, net income and other net income, net income and other net income,",
      "csv_string_response": "",
      "json_rows_response": "The table contains the number of questions we asked in the question. For example, what was the percentage change in adjusted EBITDA between 2018 and 2019?"
    },
    {
      "id": "698b9af23665887500d931ae7224d54c",
      "question": "What are the respective age of the executive officers?",
      "gold_answer": [
        "61",
        "66",
        "56"
      ],
      "markdown_table_response": "Question 1",
      "csv_string_response": "Which age were the U.S. government employees?",
      "json_rows_response": "Item 12. Directors and Corporate Governance\nThe following table reports the executive officer's job title."
    },
    {
      "id": "c5e66bb5c3a45464a6a9437d1d3b4584",
      "question": "Where can the remaining information required under Item 10 concerning the executive officers of Loral as of March 12, 2020 be found?",
      "gold_answer": [
        "The Company’s 2020 definitive proxy statement",
        "Form 10‐K"
      ],
      "markdown_table_response": "The Company’s Final Answer is obtained on the following day by the Company’s Final Report on Form 10‐K.",
      "csv_string_response": "How does the performance of the executive officer of Loral as of March 12, 2020 be viewed?",
      "json_rows_response": "Date  \nAmount: 11"
    },
    {
      "id": "13bf5cc0046cb70f84b6a61518a691d3",
      "question": "What are the respective ages of the company's current Vice Presidents?",
      "gold_answer": [
        "66",
        "56"
      ],
      "markdown_table_response": "The Company's employees, directors, officers, employees, directors, directors, officers, executives, shareholders, and employees are responsible for the following answers:",
      "csv_string_response": "What are the correct ways to answer the question?",
      "json_rows_response": "[\n  {\n    \"Name\": \"Ravinder S. Girgla\",\n    \"Age\": \"58\",\n    \"Position\": \"President, General Counsel and Secretary since January 2013. Senior Vice President, General Counsel and Director from March 2013 to February 2013.\"\n  },\n  {\n    \"Name\": \"Ravinder S. Girgla\",\n    \"Age\": \"58\",\n    \"Position\": \"President, General Counsel and Secretary since January 2012. Senior Vice President, General Counsel and Chief Financial Officer from January 2012 to February 2013.\"\n  },\n  {\n    \"Name\": \"Ravinder S. Girgla\",\n    \"Age\": \"59\",\n    \"Position\": \"Vice President and Controller since January 2016. Deputy Controller from February 2013 to January 2016. Senior Vice President, General Counsel and Director from March 2013 to January 2016.\"\n  },\n  {\n    \"Name\": \"Ravinder S. Girgla\",\n    \"Age\": \"58\",\n    \"Position\": \"Vice President, Chief Financial Officer and Treasurer since January 2016. Deputy Controller from February 2013 to January 2016. Deputy Controller from March 2013 to January 2016."
    },
    {
      "id": "70e27b8a8a85da05bcaa081478be5e68",
      "question": "What is the average age of the company's executive officers?",
      "gold_answer": 61,
      "markdown_table_response": "For the purpose of determining the following questions, please refer to the Official Website:",
      "csv_string_response": "What is the average age of the company's executive officers?",
      "json_rows_response": "The total number of executive officers of the company in the organization for the fiscal year ended December 31, 2012."
    },
    {
      "id": "6a37ffdabecf48f4fad76a3b07aa7981",
      "question": "Who is the oldest executive officer in the company?",
      "gold_answer": [
        "John Capogrossi"
      ],
      "markdown_table_response": "",
      "csv_string_response": "Name,Age,Position,Position,Position,Position,Position,Position,Position,Position,Position,Position,Position,Position,Position,Position,Position,Position,Position,Position,Position,Position,Position,Position,Position,Position,Position,Position,Position,Position,Position,Position,Position,Position,Position,Position,Position,Position,Position,Position,Position,Position,Position,Position,Position,Position,Position,Position,Position,Position,Position,Position,Position,Position,Position,Position,Position,Position,Position,Position,Position,Position,Position,Position,Position,Position,Position,Position,Position,Position,Position,Position,Position,Position,Position,Position,Position,Position,Position,Position,Position,Position,Position,Position,Position,Position,Position,Position,Position,Position,Position,Position,Position,Position,Position,Position,Position,Position,Position,Position,Position,Position,Position,Position,Position,Position,Position,Position,Position,Position,Position,Position,Position,Position,Position,Position,Position,Position,Position,Position,Position,Position,Position,Position,Position,Position,Position,Position,",
      "json_rows_response": "The Company’s web site is used by the company to provide the information. The company has a page of information in the company’s web browser, which can be viewed on the web page."
    },
    {
      "id": "b598a5a43e877ca0ea2c7c821e1038a1",
      "question": "What is the average age of the company's Vice Presidents?",
      "gold_answer": 61,
      "markdown_table_response": "1. You can request a one-way hearing at the end of the report.\n2. If the company has not been aware of the current trend of the company's regulations, you will receive a response from the following sources:",
      "csv_string_response": "What is the average age of the company's Vice Presidents?",
      "json_rows_response": "[\n  {\n    \"Name\": \"Ravinder S. Girgla\",\n    \"Age\": \"61\",\n    \"Position\": \"President, General Counsel and Secretary since January 2016. Senior Vice President, General Counsel and Secretary from January 2008 to February 2013.\"\n  },\n  {\n    \"Name\": \"Ravinder S. Girgla\",\n    \"Age\": \"56\",\n    \"Position\": \"Vice President and Controller since January 2016. Deputy Controller from February 2013 to January 2016. Assistant Controller from May 2008 to January 2016.\"\n  },\n  {\n    \"Name\": \"Ravinder S. Girgla\",\n    \"Age\": \"61\",\n    \"Position\": \"President and Controller since January 2016. Deputy Controller from February 2013 to January 2016. Assistant Controller from January 2016 to January 2016. Deputy Controller from January 2016 to January 2016.\"\n  },\n  {\n    \"Name\": \"Ravinder S. Girgla\",\n    \"Age\": \"62\",\n    \"Position\": \"Vice President and Controller since January 2016. Deputy Controller from February 2013 to February 2016. Assistant Controller from May 2008 to February 2013.\"\n  },"
    },
    {
      "id": "15e4d550e10a33bb0402bebb5b791458",
      "question": "What was the total assets from AMER in 2018?",
      "gold_answer": [
        "645,791"
      ],
      "markdown_table_response": "How did the Company find out the total assets from the National Treasury Accountability Commission (NTCA)?",
      "csv_string_response": "11.",
      "json_rows_response": "The total assets from AMER from 2018."
    },
    {
      "id": "46a8fd1168f1bcc3e19376c4ff900a75",
      "question": "What was the total assets from APAC in 2019?",
      "gold_answer": [
        "958,744"
      ],
      "markdown_table_response": "The Company's answer is based upon the total assets collected from the APAC meeting.",
      "csv_string_response": "--1. The Company's liabilities are calculated on a monthly basis.",
      "json_rows_response": "What was the total assets from the APAC in 2019?"
    },
    {
      "id": "d2b7bc9e9acf6d3d002ea610fcd94b2d",
      "question": "What was the total assets in 2018?",
      "gold_answer": [
        "1,932,642"
      ],
      "markdown_table_response": "The Company's total assets in 2018 include the following items:",
      "csv_string_response": "What was the total assets in 2018?",
      "json_rows_response": "What was the total assets in 2018?"
    },
    {
      "id": "ef919c08ed12587a2554c92cc4889944",
      "question": "How many years did total assets exceed $2,000,000 thousand?",
      "gold_answer": "1",
      "markdown_table_response": "The Company's three reportable segments are:",
      "csv_string_response": "",
      "json_rows_response": "The Company currently has five or six employees."
    },
    {
      "id": "70c55e39fabb49df3f4b9691eeebcd09",
      "question": "What was the change in the total assets from APAC between 2018 and 2019?",
      "gold_answer": 21234,
      "markdown_table_response": "|  |  | September 29,\n2019 | Final Answer |\n| --- | --- | --- | --- |\n| Total assets: |  |  |\n| AMER  | $951,730 | $795,733 |\n| APAC  | 958,712 | 939,806 |\n| APAC  | 958,744 | 935,510 |\n| APAC  | 958,744 | 937,510 |",
      "csv_string_response": "Is this an improvement in the financial services of the segments?",
      "json_rows_response": "The Company's need for an update of its mobile application is addressed by a new version of the mobile application. The mobile application allows users to download its mobile application for a period of time (about 50-hours) for a period of time."
    },
    {
      "id": "467031848d7d448173b9b7e412941197",
      "question": "What was the percentage change in the total assets from Corporate and eliminations between 2018 and 2019?",
      "gold_answer": -48.18,
      "markdown_table_response": "What was the percentage change in the total assets from Corporate and the eliminations between 2018 and 2019?",
      "csv_string_response": "What was the total assets from the Company’s 20 organizations of the year 2018?",
      "json_rows_response": "What was the most important statement of the Company's (see Figure 1)?"
    },
    {
      "id": "f1308165d026afa3f5c564a70de2a7eb",
      "question": "What are the two license agreements for the currently marketed products?",
      "gold_answer": [
        "the Oxaydo product containing the Aversion Technology has been licensed to Zyla",
        "the Nexafed products containing the Impede Technology which have been licensed to MainPointe."
      ],
      "markdown_table_response": "|  | For the Year Ended |\n| --- | --- | --- |\n|  | December 31, |\n|  | 2018 |\n|  | (in thousands) |\n| Zyla (Oxaydo) | $350 | $386 |\n| MainPointe (Nexafed) | $351 | $386 |\n| Royalty revenues | 372 | $410 |\n| MainPointe (Oaxaca) | $380 | $383 |\n| Royalty revenues | 364 | $410 |",
      "csv_string_response": ",\n,\n,\n,\n,\n,\n,\n,\n,\n,\n,\n,\n,\n,\n,\n,\n,\n,\n,\n,\n,\n,\n,\n,\n,\n,\n,\n,\n,\n,\n,\n,\n,\n,\n,\n,\n,\n,\n,\n,\n,\n,\n,\n,\n,\n,\n,\n,\n,\n,\n,\n,\n,\n,\n,\n,\n,\n,\n,\n,\n,\n,\n,\n,\n,\n,\n,\n,\n,\n,\n,\n,\n,\n,\n,\n,\n,\n,\n,\n,\n,\n,\n,\n,\n,\n,\n,\n,\n,\n,\n,\n,\n,\n,\n,\n,\n,\n,\n,\n,\n,\n,\n,\n,\n,\n,\n,\n,\n,\n,\n,\n,\n,\n,\n,\n,\n,\n,\n,\n,\n,\n,\n,\n,\n,\n,\n,\n,",
      "json_rows_response": "[\n  {\n    \"\": \"\",\n    \"For the Year Ended\": \"2018\"\n  }\n]"
    },
    {
      "id": "1a1686826d991480019617b394396bcd",
      "question": "When is revenue recognized?",
      "gold_answer": [
        "Revenue is recognized when, or as, performance obligations under terms of a contract are satisfied, which occurs when control of the promised service is transferred to a customer."
      ],
      "markdown_table_response": "If the Company has a revenue or other performance obligation, the Company may determine the following revenue:\n1. The Company may issue a payment and/or business plan for the U.S. Department of Agriculture (USDA) for the year ending December 31, 2019;\n2. The Company may provide a financial statement of the amount of the revenue and other performance obligations in addition to the Company’s purchase or sale of the goods and services of the U.S. Department of Agriculture (USDA) for the year ending December 31, 2019. The Company may also issue a description of the business plan for the U.S. Department of Agriculture (USDA) for the year ending December 31, 2019.\nThe Company may issue a financial statement of the Company’s business plan for the U.S. Department of Agriculture (USDA) for the year ending December 31, 2019;\n3. The Company may issue a statement of the Company’s business plan for the U.S. Department of Agriculture (USDA) for the year ending December 31, 2019;\n4. The Company may provide a financial statement of the Company’s business plan for the U.S. Department of Agriculture (USDA) for the year ending December 31",
      "csv_string_response": ",",
      "json_rows_response": "Our previous submission, the Company’s initial submission, is a highly personal request to the Company that the Company provides services to consumers."
    },
    {
      "id": "0103b1e44ef0047d788e2cd47d5e7f8c",
      "question": "What are the two forms of revenue generated from contracts with customers?",
      "gold_answer": [
        "Sales-based Milestones and Royalty Revenues",
        "License and Collaboration Agreement Revenues"
      ],
      "markdown_table_response": "* Customers can be contacted via email or phone at [email protected]",
      "csv_string_response": ", \"Value\"\n, \"Total Revenues\"\n, \"Total Revenue\"\n, \"Total Value\"\n, \"Total Value\"\n, \"Total Value\"\n, \"Total Value\"\n, \"Total Value\"\n, \"Total Value\"\n, \"Total Value\"\n, \"Total Value\"\n, \"Total Value\"\n, \"Total Value\"\n, \"Total Value\"\n, \"Total Value\"\n, \"Total Value\"\n, \"Total Value\"\n, \"Total Value\"\n, \"Total Value\"\n, \"Total Value\"\n, \"Total Value\"\n, \"Total Value\"\n, \"Total Value\"\n, \"Total Value\"\n, \"Total Value\"\n, \"Total Value\"\n, \"Total Value\"\n, \"Total Value\"\n, \"Total Value\"\n, \"Total Value\"\n, \"Total Value\"\n, \"Total Value\"\n, \"Total Value\"\n, \"Total Value\"\n, \"Total Value\"\n, \"Total Value\"\n, \"Total Value\"\n, \"Total Value\"\n, \"Total Value\"\n, \"Total Value\"\n, \"Total Value\"\n, \"Total Value\"\n, \"Total",
      "json_rows_response": "[\n  {\n    \"\": \"2018\",\n    \"For the Year Ended\": \"2019\",\n    \"For the Year Ended\": \"2019\",\n    \"For the Year Ended\": \"2018\",\n    \"For the Year Ended\": \"2019\",\n    \"For the Year Ended\": \"2020\",\n    \"For the Year Ended\": \"2020\",\n    \"For the Year Ended\": \"2020\",\n    \"For the Year Ended\": \"2020\",\n    \"For the Year Ended\": \"2020\",\n    \"For the Year Ended\": \"2020\",\n    \"For the Year Ended\": \"2020\",\n    \"For the Year Ended\": \"2020\",\n    \"For the Year Ended\": \"2020\",\n    \"For the Year Ended\": \"2020\",\n    \"For the Year Ended\": \"2020\",\n    \"For the Year Ended\": \"2020\",\n    \"For the Year Ended\": \"2020\",\n    \"For the Year Ended\": \"2020\",\n    \"For the Year Ended\": \"2020\",\n    \"For the Year Ended\": \"2020\",\n    \"For the"
    },
    {
      "id": "be5db57a1ee3622b5a0b72053333be2a",
      "question": "What is the decrease in licensing revenue from Zyla (Oxaydo) from 2018 to 2019?",
      "gold_answer": 35,
      "markdown_table_response": "How to use the proposed contract with Zyla?",
      "csv_string_response": "- Use of the following terms and conditions:",
      "json_rows_response": "What is the decline in the sales revenue from Zyla (Oxaydo) from 2018 to 2019?"
    },
    {
      "id": "deb6986a5dece7b6d06424b482d598b6",
      "question": "How much did the total licensing revenue decreased from 2018 to 2019?",
      "gold_answer": 38,
      "markdown_table_response": "Please enter the following responses:",
      "csv_string_response": "The Company’s existing license and collaboration agreements are:",
      "json_rows_response": "[\n  {\n    \"\": \"\",\n    \"For the Year Ended\": \"2018\"\n  },\n  {\n    \"\": \"\",\n    \"For the Year Ended\": \"2018\"\n  },\n  {\n    \"\": \"\",\n    \"For the Year Ended\": \"2019\"\n  },\n  {\n    \"\": \"\",\n    \"For the Year Ended\": \"2018\"\n  },\n  {\n    \"\": \"2020\",\n    \"For the Year Ended\": \"2019\"\n  },\n  {\n    \"\": \"\",\n    \"For the Year Ended\": \"2018\"\n  },\n  {\n    \"\": \"2020\",\n    \"For the Year Ended\": \"2018\"\n  },\n  {\n    \"\": \"2019\",\n    \"For the Year Ended\": \"2020\"\n  },\n  {\n    \"\": \"2020\",\n    \"For the Year Ended\": \"2018\"\n  },\n  {\n    \"\": \"2020\",\n    \"For the Year Ended\": \"2018\"\n  },\n  {\n    \"\": \"2020\",\n    \"For the"
    },
    {
      "id": "6769cc0cee475e77d8eb292b9bdefd81",
      "question": "What percentage of the decrease in total revenue is from the loss in Zyla (Oxaydo)?",
      "gold_answer": 92.11,
      "markdown_table_response": "What percentage of the increase in revenue is from the loss in Zyla (Oxaydo)?",
      "csv_string_response": "\"For the Year Ended\"",
      "json_rows_response": "The Company has no contract assets, and the Company has no ability to pay any of the following costs or expenses:"
    },
    {
      "id": "8920cf2daa5d9c7ad0c951a9278e89be",
      "question": "Which years does the table provide information for the related party items included in Revenues?",
      "gold_answer": [
        "2019",
        "2018",
        "2017"
      ],
      "markdown_table_response": "(1) Terminated March 20, 2019 |  |\n| --- | --- | --- | --- |\n|\n| | | | | | | | | |\n|  | 2019 (1) | 2019 | 2017 |\n| Software services | $40.2 | $35.8 | $32.8 |\n| | | | | | | | | | |\n|  | 2019 (2) | 2019 | 2017 |\n| Software products | $40.3 | $35.9 | $32.8 |\n| | | | | | | | | | |\n|  | 2019 (3) | 2019 | 2017 |\n| Software services | $40.3 | $35.9 | $32.8 |\n| | | | | | | | | | |\n|  | 2019 (4) | 2019 | 2017 |\n| Software services | $40.3 | $35.9 | $32.8 |\n| | | | | | | | | | | |\n|  | 2019 (5) | 2019 | 2017 |\n| Software products | $40.3 | $35.9 | $32.8 |\n| | | | | |",
      "csv_string_response": "Date of the primary application to revenish the Revenues of the Company.",
      "json_rows_response": "I have not reviewed the table in Revenues for a given year."
    },
    {
      "id": "b61dee37148951299cb73427e1e23dbd",
      "question": "What were the software services in 2019?",
      "gold_answer": [
        "40.2"
      ],
      "markdown_table_response": "",
      "csv_string_response": "Table data for the following",
      "json_rows_response": "[\n  {\n    \"\": \"2018\",\n    \"Year ended December 31,\": \"2018\"\n  },\n  {\n    \"\": \"2019\",\n    \"Year ended December 31,\": \"2018\"\n  },\n  {\n    \"\": \"2018\",\n    \"Year ended December 31,\": \"2018\"\n  },\n  {\n    \"\": \"2019\",\n    \"Year ended December 31,\": \"2018\"\n  },\n  {\n    \"\": \"2018\",\n    \"Year ended December 31,\": \"2018\"\n  },\n  {\n    \"\": \"2018\",\n    \"Year ended December 31,\": \"2018\"\n  },\n  {\n    \"\": \"2018\",\n    \"Year ended December 31,\": \"2018\"\n  },\n  {\n    \"\": \"2018\",\n    \"Year ended December 31,\": \"2018\"\n  },\n  {\n    \"\": \"2018\",\n    \"Year ended December 31,\": \"2018\"\n  },\n  {\n    \"\": \"2018\",\n    \"Year ended December 31,\": \"2018\"\n  },\n  {"
    },
    {
      "id": "513e7f501d42e3bc7870446d8a24dbd1",
      "question": "What were the data and analytic services in 2017?",
      "gold_answer": [
        "24.0"
      ],
      "markdown_table_response": "For each of the three questions, the answers are presented in the following table.",
      "csv_string_response": "The company's performance appraisal was the key to the financial success of the company. In the company's response, the company is a member of the company's board of directors. The company has a reputation of making higher returns, and one of the founders of the company has a reputation of being a leading role model in the financial success of the company.",
      "json_rows_response": "The number of questions in this table is 25, the number of times each party has been submitted to the table for re-submit."
    },
    {
      "id": "69cd1d0d58cd57f71468c04c3c22d6ad",
      "question": "What was the change in software services between 2017 and 2018?",
      "gold_answer": 3.1,
      "markdown_table_response": "In a U.S. data center, the software services are generally paid by the United States, so that the market is not dependent on the availability of the services.",
      "csv_string_response": "Yes, the data was collected through October 31, 2018.",
      "json_rows_response": "The final version of Revenues is a version of Revenues that has been added to the Revenues report. Revenues report. Revenues report is now available for the Revenues report."
    },
    {
      "id": "81b881cc0662b96e845a4c22ea8a9a94",
      "question": "What was the change in data and analytic services between 2017 and 2019?",
      "gold_answer": -4.7,
      "markdown_table_response": "What is the change in the number of digits of a given data item in a table and a related party?",
      "csv_string_response": "This question asked the following questions:",
      "json_rows_response": "What was the change in data between 2017 and 2019?"
    },
    {
      "id": "bf36dcf35c05932cbf0cad1e27d03fb9",
      "question": "What was the percentage change in total related party revenues between 2018 and 2019?",
      "gold_answer": 3.3,
      "markdown_table_response": "|  | Year ended December 31, |  |\n| --- | --- | --- | --- |\n|   | 2019 (1) | 2018 | 2018 |\n| Software services | $35.2 | $36.3 | $35.9 |\n| Data and analytics services | $40.2 | $35.9 |\n| Total related party revenues | $59.5 | $57.6 | $56.8 |\n| Total related party revenues | $59.5 | $57.6 |\n| Total related party revenues | $59.5 | $59.6 |\n| Total related party revenues | $59.5 | $59.7 |\n| Total related party revenues | $59.5 | $59.6 |\n| Total related party revenues | $59.5 | $59.5 |\n| Total related party revenues | $59.5 | $59.6 |\n| Total related party revenues | $59.5 | $59.6 |\n| Total related party revenues | $59.5 | $59.6 |\n| Total related party revenues | $59.5 | $59.5 |\n| Total related party revenues | $59.",
      "csv_string_response": ".",
      "json_rows_response": ""
    },
    {
      "id": "72a0d957bd35bb20239aa14da1df1ba3",
      "question": "What does the table show?",
      "gold_answer": [
        "As of December 31, 2019 and 2018, loans payable"
      ],
      "markdown_table_response": "|  | 2019 |\n| --- | --- | --- | --- |\n| Business loan agreement dated December 1, 2019 | - | 7 |\n| Business loan agreement dated March 14, 2019 | - | 7 |\n| Business loan agreement dated December 21, 2019 | - | 7 |\n| Business loan agreement dated April 9, 2020 | - | 7 |\n| Business loan agreement dated June 9, 2019 | - | 7 |\n| Business loan agreement dated July 14, 2018 | - | 7 |\n| Business loan agreement dated June 13, 2019 | - | 7 |\n| Business loan agreement dated July 14, 2019 | - | 7 |\n| Business loan agreement dated September 14, 2016 | - | 7 |\n| Business loan agreement dated September 14, 2020 | - | 7 |\n| Business loan agreement dated September 14, 2020 | - | 7 |\n| Business loan agreement dated June 15, 2019 | - | 7 |\n| Business loan agreement dated July 14, 2019 | - | 7 |\n| Business loan agreement dated September 15, 2020 | - | 7 |\n| Business loan agreement dated May 1, 2019 | - | 7 |\n| Business loan agreement dated May 14, 2019 | - | 7 |",
      "csv_string_response": "\"Should I be in any way aware of the transaction or the financial condition of the Company?\"",
      "json_rows_response": "First Answer:"
    },
    {
      "id": "eb46814535612c3158c2c31898edf0d3",
      "question": "What is the principal amount for the loan agreement for the acquisition of an excavator on November  2016?",
      "gold_answer": [
        "$59"
      ],
      "markdown_table_response": "What is the principal amount for the loan agreement for the acquisition of a pile driver on November  2016?",
      "csv_string_response": "How are the payments received for the excavator?",
      "json_rows_response": "1.  The Company's answer is: \"Yes.\"\n2.  The Company's answer is: \"No.\""
    },
    {
      "id": "c4f432b6a82fc554d747683f1631b2f7",
      "question": "What is the long term position loans payable for 2018?",
      "gold_answer": [
        "$88"
      ],
      "markdown_table_response": "The Company is required to answer the following questions:",
      "csv_string_response": "How to obtain the loan amount?",
      "json_rows_response": "What is the long term position loans payable for 2018?"
    },
    {
      "id": "f0e1f19b4d1b7571fec5e3925ecea90b",
      "question": "What is the percentage change in the equipment notes payable from 2018 to 2019?",
      "gold_answer": -63.49,
      "markdown_table_response": "What is the percentage change in the equipment notes payable from 2018 to 2019?",
      "csv_string_response": "To determine the percentage change from the equipment notes to the total change in the equipment notes to the total change in the equipment notes, the Company claims the following payments on March 14, 2019:",
      "json_rows_response": ""
    },
    {
      "id": "a8579d97227b31b023e5a75aba01a165",
      "question": "What is the percentage change in the subtotal loans payable from 2018 to 2019?",
      "gold_answer": -67.04,
      "markdown_table_response": "What is the percentage change in the subtotal loans payable from 2018 to 2019?",
      "csv_string_response": "If the Company continues to pay the loans, the original amount of the loan is payable with the date of the loan date. The same amount is payable with the date of the loan date. The maturity date is defined in the following ways:",
      "json_rows_response": "What is the percentage change in the subtotal loans payable from 2018 to 2019?"
    },
    {
      "id": "f8f0fae22073b1e12e2205f1bc6aa4d3",
      "question": "What is the percentage of loan for the acquisition of an excavator that is outstanding?",
      "gold_answer": 22.03,
      "markdown_table_response": "Is the percentage of loan for the acquisition of an excavator in the principal amount of $131 bearing interest at 4.95%.",
      "csv_string_response": "What is the percentage of loan for the acquisition of an excavator that is outstanding?",
      "json_rows_response": "Which of the following is the percentage of loan for the acquisition of an excavator that is outstanding?"
    },
    {
      "id": "f49b6dab26d961e1c08e87ede7df7a2c",
      "question": "In which year is the equipment notes payable higher?",
      "gold_answer": [
        "2018"
      ],
      "markdown_table_response": "|  | 2018 | 2019 |\n| --- | --- | --- |\n| Business loan agreement dated April 9, 2019 | - | 14 |\n| Business loan agreement dated December 31, 2019 | - | 14 |\n| Business loan agreement dated June 21, 2019 | - | 7 |\n| Business loan agreement dated June 20, 2019 | - | 13 |\n| Business loan agreement dated June 26, 2019 | - | 9 |\n| Business loan agreement dated May 30, 2019 | - | 7 |\n| Business loan agreement dated June 17, 2019 | - | 7 |\n| Business loan agreement dated June 18, 2019 | - | 7 |\n| Business loan agreement dated June 24, 2019 | - | 13 |\n| Business loan agreement dated June 25, 2019 | - | 4 |\n| Business loan agreement dated June 28, 2019 | - | 7 |\n| Business loan agreement dated June 30, 2019 | - | 9 |\n| Business loan agreement dated July 29, 2019 | - | 7 |\n| Business loan agreement dated July 29, 2019 | - | 6 |\n| Business loan agreement dated July 31, 2019 | - | 1 |\n| Business loan agreement dated August 30, 2019 | - | 4 |",
      "csv_string_response": "In which year is the equipment notes payable higher?",
      "json_rows_response": "[\n  {\n    \"\": \"Stock-Up Loan Agreement dated March 14, 2014\",\n    \"2019\": \"-\",\n    \"2018\": \"7\"\n  },\n  {\n    \"\": \"Stock-Up Loan Agreement dated March 14, 2014\",\n    \"2019\": \"-\",\n    \"2018\": \"2\"\n  },\n  {\n    \"\": \"Stock-Up Loan Agreement dated March 14, 2014\",\n    \"2019\": \"4\"\n  },\n  {\n    \"\": \"Stock-Up Loan Agreement dated March 14, 2014\",\n    \"2019\": \"-\",\n    \"2018\": \"4\"\n  },\n  {\n    \"\": \"Stock-Up Loan Agreement dated March 14, 2014\",\n    \"2019\": \"-\",\n    \"2018\": \"7\"\n  },\n  {\n    \"\": \"Stock-Up Loan Agreement dated March 14, 2014\",\n    \"2019\": \"4\"\n  },\n  {\n    \"\": \"Stock-Up Loan Agreement dated March 14, 2014\",\n    \"2019\": \"5\"\n  },\n  {\n    \"\": \"Stock-Up Loan Agreement dated March 14,"
    },
    {
      "id": "e58ac35e5464b384d30262b3679533c1",
      "question": "What does shareholder distributions - dividends in the table represent?",
      "gold_answer": [
        "Represents dividends paid in each financial year"
      ],
      "markdown_table_response": "Company Name : Dividend\nYear : 1,2,3,4,5,6,7,8,9,10",
      "csv_string_response": "Who are the directors of the companies, who are the shareholders of the company, who are the directors of the companies, who are the shareholders of the company, who are the directors of the companies, who are the shareholders of the company?",
      "json_rows_response": "Is it possible that the shareholder distributions - dividends in the table represent the dividends paid by the corporation, which are not at all payable?"
    },
    {
      "id": "985e3306cb2075bc0807db442ac8e23a",
      "question": "What does total employee expenditure in the table include?",
      "gold_answer": [
        "wages and salaries, social security costs, pension and other costs and share-based payments, see note 10 of the Financial Statements"
      ],
      "markdown_table_response": "Will the employee's answer be different from the total employee expenditure in the table?",
      "csv_string_response": "$A=total",
      "json_rows_response": "If your questions are answered in the FULL FULL ORDER OF OUTCOME"
    },
    {
      "id": "b64c7610a65ea177334fffb0d11ef1a0",
      "question": "What are the components in the table during the analysis of the relative importance of spend on pay?",
      "gold_answer": [
        "Shareholder distributions – dividends",
        "Total employee expenditure"
      ],
      "markdown_table_response": "The following table summarizes the actions taken in the financial year.\n1 Answer | Questions |\n| --- | --- | --- | --- | --- |\n| Total employee expenditure | $9.5 | $10.00 |\n| Total employee expenditure | $20.00 |\n| Shareholder distributions | $21.99 |\n| Total employee expenditure | $35.00 |\n| Total employee expenditure | $50.00 |\n| Total employee expenditure | $60.00 |\n| Total employee expenditure | $72.00 |\n| Total employee expenditure | $64.00 |",
      "csv_string_response": "Which components in the table during the analysis of the relative importance of spend on pay?",
      "json_rows_response": "The total employee expenditure represents the total employee pay."
    },
    {
      "id": "cee6f2467fa5bd0aece4ec15ca46bcf3",
      "question": "In which year was Total employee expenditure larger?",
      "gold_answer": [
        "FY19"
      ],
      "markdown_table_response": "|  | FY19 | FY18 | Change |\n| --- | --- | --- | --- |\n| Total employee expenditure | $1 | $1 |\n| Total employee expenditure | $1 | $2 |",
      "csv_string_response": "$M,%\nTotal employee expenditure includes employee contributions and total increases.",
      "json_rows_response": "The total employee expenditure per month in the financial year is reported as a percentage change in total employee cost."
    },
    {
      "id": "52feae4a2a95764370ca69097e651763",
      "question": "What was the change in the Shareholder distributions – dividends in 2019 from 2018?",
      "gold_answer": 2.1,
      "markdown_table_response": "What was the change in the Shareholder distributions – dividends from 2019 from 2018?",
      "csv_string_response": "The Shareholder distribution – dividends in 2019 from 2018?",
      "json_rows_response": "In the end, the Shareholder distributions are the same as the Shareholder distributions."
    },
    {
      "id": "7f5203a09a509ad96e94ca5d3d7cb647",
      "question": "What was the average total employee expenditure across 2018 and 2019?",
      "gold_answer": 366,
      "markdown_table_response": "The total employee expenditure in each financial year",
      "csv_string_response": "",
      "json_rows_response": "Responded by a similar question, was it possible to define the total employee expenditure in the following way:"
    },
    {
      "id": "ac543087b7cc0bc8ab7cc531f117e33f",
      "question": "What are the respective APRU from on-net in 2017 and 2018 respectively?",
      "gold_answer": [
        "$ 506",
        "$ 480"
      ],
      "markdown_table_response": "|  | Year Ended December 31, |  |\n| --- | --- | --- |\n|  | 2018 | 2017 | Change |\n| Other Operating Data |  |  |\n| Average Revenue Per Unit (ARPU) |  |  |  |\n| ARPU—on-net | $ 480 | $ 506 | (5.1)% |\n| Average price per megabit | $ 0.82 | $ 1.11 | (25.9)% |\n| Customer Connections |  |  |  |\n| On-net | 71,440 | 61,410 | 12.1% |\n| Off-net | 9,982 | 9,953 | 9.3% |",
      "csv_string_response": "Year Ended December 31, 2018 Compared to the Year Ended December 31, 2017\nOur target price is $$1,000 per megabyte and the average cost per megabyte.",
      "json_rows_response": "What are the current APRU from on-net in 2017 and 2018 respectively?"
    },
    {
      "id": "8a190f8f51d10d291221aa2841e6ab80",
      "question": "What are the respective APRU from off-net in 2017 and 2018 respectively?",
      "gold_answer": [
        "$ 1,239",
        "$ 1,155"
      ],
      "markdown_table_response": "What are the APRU for the date of the actual date of the actual date of the actual date of the actual date of the actual date of the actual date of the actual date of the actual date of the actual date of the actual date of the actual date of the actual date of the actual date of the actual date of the actual date of the actual date of the actual date of the actual date of the actual date of the actual date of the actual date of the actual date of the actual date of the actual date of the actual date of the actual date of the actual date of the actual date of the actual date of the actual date of the actual date of the actual date of the actual date of the actual date of the actual date of the actual date of the actual date of the actual date of the actual date of the actual date of the actual date of the actual date of the actual date of the actual date of the actual date of the actual date of the actual date of the actual date of the actual date of the actual date of the actual date of the actual date of the actual date of the actual date of the actual date of the actual date of the actual date of the actual date of the actual date of the actual date of the actual date of the actual date",
      "csv_string_response": "What is the annual income from off-net in 2017 and 2018?",
      "json_rows_response": "The APRU is a central provider of information and revenue management services, all of which are provided by the company. The company is responsible for providing services such as home use, food, food and health care, healthcare and education, and home use. The company is responsible for providing services for the customer, the customer and the organization. The company is responsible for providing services for all employees of the company. The company is responsible for providing services to all employees of the company. The company is responsible for providing services to all employees of the company. The company is responsible for providing services to all employees of the company. The company is responsible for providing services to all employees of the company. The company is responsible for providing services to all employees of the company. The company is responsible for providing services to all employees of the company. The company is responsible for providing services to all employees of the company. The company is responsible for providing services to all employees of the company. The company is responsible for providing services to all employees of the company. The company is responsible for providing services to all employees of the company. The company is responsible for providing services to all employees of the company. The company is responsible for providing services to all employees of the company. The company is responsible for providing services"
    },
    {
      "id": "0bccf51ce0d090a18e15b433e828cd2d",
      "question": "What are the respective average price per megabit in 2017 and 2018 respectively?",
      "gold_answer": [
        "$ 1.11",
        "$ 0.82"
      ],
      "markdown_table_response": "For example, a customer is required to report a daily sales price per megabit.",
      "csv_string_response": "YEAR SECTION:\nBETWEENTH ANNOVASCULAR INFORMATION:",
      "json_rows_response": "What is the average price per megabit in 2017 and 2018 respectively?"
    },
    {
      "id": "04f4e45ef380b524aa829205ba34e3f6",
      "question": "What is the percentage change in on-net APRU between 2017 and 2018? ",
      "gold_answer": -5.14,
      "markdown_table_response": "Value of on-net APRU between 2017 and 2018",
      "csv_string_response": "What are the total number of comparisons between the consecutive weeks of the year and the preceding months?",
      "json_rows_response": "What is the percentage change in on-net APRU between 2017 and 2018?"
    },
    {
      "id": "a91f446212a41e5cd7d9e4eb3201408b",
      "question": "What is the percentage change in off-net APRU between 2017 and 2018? ",
      "gold_answer": -6.78,
      "markdown_table_response": "What is the current month (2017–18) or year-end (2018–19) of the December 31, 2018 Annual Year Ended December 31, 2017\nThis is a list of the Year Ended December 31, 2018 Annual Year Ended December 31, 2018 Annual Year Ended December 31, 2018 Annual Year Ended December 31, 2018 Annual Year Ended December 31, 2018 Annual Year Ended December 31, 2018 Annual Year Ended December 31, 2018 Annual Year Ended December 31, 2018 Annual Year Ended December 31, 2018 Annual Year Ended December 31, 2018 Annual Year Ended December 31, 2018 Annual Year Ended December 31, 2018 Annual Year Ended December 31, 2018 Annual Year Ended December 31, 2018 Annual Year Ended December 31, 2018 Annual Year Ended December 31, 2018 Annual Year Ended December 31, 2018 Annual Year Ended December 31, 2018 Annual Year Ended December 31, 2018 Annual Year Ended December 31, 2018 Annual Year Ended December 31, 2018 Annual Year Ended December 31, 2018 Annual Year Ended December 31, 2018 Annual Year Ended December 31, 2018 Annual Year Ended December 31, 2018 Annual Year Ended December 31, 2018 Annual Year Ended December 31, 2018 Annual",
      "csv_string_response": "What is the percentage change in the APRU between 2017 and 2018?",
      "json_rows_response": "What is the percentage change in off-net APRU between 2017 and 2018?"
    },
    {
      "id": "ecf8c64874e490a53fb6a23cb7278288",
      "question": "What is the percentage change in the number of on-net customer connections between 2017 and 2018?",
      "gold_answer": 12.12,
      "markdown_table_response": "What are the percentage changes in the number of on-net customer connections between 2017 and 2018?",
      "csv_string_response": "What is the percentage change in the number of on-net customers between 2017 and 2018?",
      "json_rows_response": "What is the percentage change in the number of on-net customer connections between 2017 and 2018?"
    },
    {
      "id": "fbd47d373468c835a9bb365074af8b19",
      "question": "What is the % change in the capital intensity ratio for BCE?",
      "gold_answer": [
        "0.3 pts"
      ],
      "markdown_table_response": "A:",
      "csv_string_response": "What is the % change in the capital intensity ratio for BCE?",
      "json_rows_response": "When the BCE was not completed, the CE, which was re-combined to CE 2000, was not completed. The CE 2000 was re-combined to CE 2000 and was re-combined to CE 2000. The CE 2000 was re-combined to CE 2000 and was re-combined to CE 2000. The CE 2000 was re-combined to CE 2000. The CE 2000 was re-combined to CE 2000. The CE 2000 was re-combined to CE 2000. The CE 2000 was re-combined to CE 2000. The CE 2000 was re-combined to CE 2000. The CE 2000 was re-combined to CE 2000. The CE 2000 was re-combined to CE 2000 and was re-combined to CE 2000. The CE 2000 was re-combined to CE 2000. The CE 2000 was re-combined to CE 2000. The CE 2000 was re-combined to CE 2000. The CE 2000 was re-combined to CE 2000. The CE 2000 was re-combined to CE 2000. The CE 2000 was"
    },
    {
      "id": "0c4933d6d73026639d14e0fc537dfe77",
      "question": "What led to lower capital expenditures at Bell Media in 2019?",
      "gold_answer": [
        "production equipment and IT upgrades in 2018"
      ],
      "markdown_table_response": "|  | 2019 | 2018 | $ CHANGE | % CHANGE |\n| --- | --- | --- | --- |\n| Bell Wireless | 597 | 664 | (33) | (2.2%) |\n| Bell Media | 697 | 664 | (33) | (2.0%) |\n| Bell Media | 997 | 997 | (17) | (0.2%) |\n| Bell Media | 697 | 664 | (33) | (2.2%) |\n| Bell Media | 997 | 997 | (17) | (0.2%) |\n| Bell Media | 997 | 997 | (17) | (0.2%) |\n| Bell Media | 997 | 997 | (17) | (0.2%) |\n| Bell Media | 997 | 997 | (17) | (0.3%) |\n| Bell Media | 997 | 997 | (17) | (0.2%) |\n| Bell Media | 997 | 997 | (17) | (0.3%) |\n| Bell Media | 997 | 997 | (17) | (0.4%) |",
      "csv_string_response": "We did not include the calculation of the capital expenditures in our wireline segment of the year. This is a common guess given that capital expenditures are based on the amount of capital expenditures generated by the wireless segment of our LTE network.",
      "json_rows_response": "What led to lower capital expenditures at Bell Media in 2019?"
    },
    {
      "id": "8bdf0f0c7b8aa3fa4900237d69724073",
      "question": "What is the $ change in the capital expenditures for Bell Wireless?",
      "gold_answer": [
        "(33)"
      ],
      "markdown_table_response": "What is the $ change in the capital expenditures for Bell Wireless, in the year that was assessed?",
      "csv_string_response": "In the year 2018, $1.7 million in capital expenditures was allocated to Bell Wireless's Wireless (WWD) network, and this allocates $1.7 million in capital expenditures in the year. This allocated $6 million in capital expenditures for the year, up $15 million, compared to 2018, totaling $1.7 million.",
      "json_rows_response": "What is the $ change in the capital expenditures for Bell Wireless?"
    },
    {
      "id": "be06911753ebf96023d938230368269e",
      "question": "Which segment has the largest % change in capital intensity ratio?",
      "gold_answer": [
        "Bell Media"
      ],
      "markdown_table_response": "|  | 2019 | 2018 | $ CHANGE | % CHANGE |\n| --- | --- | --- | --- | --- |\n| Bell Wireless | 697 | 664 | (33) | (5.0%) |\n| Capital intensity ratio | 9.4% | 9.5% |  | 0.2 pts |\n| BCE | 3,988 | 3,971 | (17) | (0.6%) |\n| BCE | 3,988 | 3,971 | (17) | (0.5%) |\n| BCE | 3,988 | 3,971 | (17) | (0.5%) |\n| BCE | 3,971 | 3,971 | (17) | (0.5%) |\n| BCE | 3,971 | 3,971 | (17) | (0.4%) |\n| BCE | 3,971 | 3,971 | (17) | (0.5%) |\n| BCE | 3,971 | 3,971 | (17) | (0.4%) |\n| BCE | 3,971 | 3,971 | (17) | (",
      "csv_string_response": "The total effect of the impact of the change on the total number of users, we identified a number of feedback points that were initially proposed to reduce the total impact of the changes in the total number of users.",
      "json_rows_response": "[\n  {\n    \"\": \"Bell Media\",\n    \"2019\": \"3,931\",\n    \"2018\": \"3,971\",\n    \"$ CHANGE\": \"\",\n    \"% CHANGE\": \"0.3 pts\"\n  },\n  {\n    \"\": \"Bell Media\",\n    \"2019\": \"2,931\",\n    \"2018\": \"2,971\",\n    \"$ CHANGE\": \"\",\n    \"% CHANGE\": \"0.3 pts\"\n  },\n  {\n    \"\": \"Bell Media\",\n    \"2019\": \"1,931\",\n    \"2018\": \"3,971\",\n    \"$ CHANGE\": \"\",\n    \"% CHANGE\": \"0.3 pts\"\n  },\n  {\n    \"\": \"Capital intensity ratio\",\n    \"2019\": \"1,931\",\n    \"2018\": \"1,971\",\n    \"$ CHANGE\": \"\",\n    \"% CHANGE\": \"0.2 pts\"\n  },\n  {\n    \"\": \"Capital intensity ratio\",\n    \"2019\": \"3,"
    },
    {
      "id": "17c4ef662bc1e43b05e08b85d70594f5",
      "question": "What are the capital expenditures for Bell Media in 2018 and 2019?",
      "gold_answer": 222,
      "markdown_table_response": "**Number of hours spent in Bell Media**",
      "csv_string_response": "What are the capital expenditures for Bell Media in 2018 and 2019?",
      "json_rows_response": "What is the capital expenditures for Bell Media in 2018 and 2019?"
    },
    {
      "id": "ade6d7ae1bb6ec9be72d2adb7405213a",
      "question": "What is the percentage of capital expenditures for Bell Wireline out of the BCE capital expenditures in 2019?",
      "gold_answer": 79.81,
      "markdown_table_response": "What is the percentage of capital expenditures for Bell Wireline out of the BCE capital expenditures in 2018?",
      "csv_string_response": "What is the percentage of capital expenditures for Bell Wireline out of the BCE capital expenditures in 2019?",
      "json_rows_response": "What is the percentage of capital expenditures for Bell Wireline out of the BCE capital expenditures in 2019?"
    },
    {
      "id": "4486b715a52e3d545a06714e47d75a7b",
      "question": "What are the respective goodwill at 2018 and 2019?",
      "gold_answer": [
        "$ 3,178",
        "$ 3,178"
      ],
      "markdown_table_response": "\"You have your right to have the right to have the right to have the right to have the right to have the right to have the right to have the right to have the right to have the right to have the right to have the right to have the right to have the right to have the right to have the right to have the right to have the right to have the right to have the right to have the right to have the right to have the right to have the right to have the right to have the right to have the right to have the right to have the right to have the right to have the right to have the right to have the right to have the right to have the right to have the right to have the right to have the right to have the right to have the right to have the right to have the right to have the right to have the right to have the right to have the right to have the right to have the right to have the right to have the right to have the right to have the right to have the right to have the right to have the right to have the right to have the right to have the right to have the right to have the right to have the right to have the right to have the right to have",
      "csv_string_response": "According to the above table, the profit at 2018 and 2019 is $3.00 per share (in the range of $5.50 per share) and $1.60 per share (in the range of $4.50 per share) for the total business at 2018 and 2019. We have detailed the following table:",
      "json_rows_response": "[\n  {\n    \": \"1,666,667 shares of common stock, at fair value of $3.00 per share at closing\",\n    \"Estimated at Acquisition and as of December 31, 2018\": \"6,079,667 shares of common stock, at fair value of $3.00 per share at closing\",\n    \"Adjustments\": \"584,747,798 shares of common stock, at fair value of $3.00 per share at closing\",\n    \"Final as of December 31, 2018\": \"6,079,667 shares of common stock, at fair value of $3.00 per share at closing\",\n    \"Adjustments\": \"4,965,108 shares of common stock, at fair value of $3.00 per share at closing\",\n    \"Final as of December 31, 2019\": \"4,765,109 shares of common stock, at fair value of $3.00 per share at closing\",\n    \"Adjustments\": \"584,747,798 shares of common stock, at fair value of $3.00 per share at closing\",\n    \"Final as of December 31, 2018\": \"5,092,667 shares"
    },
    {
      "id": "4afee898106225fbf895b6877d2c8a39",
      "question": "What are the respective Net recognized amounts of identifiable assets acquired and liabilities assumed at 2018 and 2019?",
      "gold_answer": [
        "4,195",
        "4,779"
      ],
      "markdown_table_response": "|  | Estimated at Acquisition and as of December 31, 2018 | Adjustments | Final as of December 31, 2019 |\n| --- | --- | --- | --- |\n| 1,666,667 shares of common stock, at fair value of $3.00 per share at closing | $                          5,000 | $                        - | $                      5,000 |\n| Golden Ridge financial liabilities paid for the seller | 3,657,667 shares of common stock, at fair value of $3.00 per share at closing | $                          5,000 | $                        - | $                      5,000 |\n| Golden Ridge financial liabilities paid for the seller | 2,300,000 shares of common stock held in the escrow account ($1.0 million fair value as of both the settlement date and the November 28, 2018, acquisition date) | 3,000,000 shares of common stock held in the escrow account ($1.0 million fair value as of both the settlement date and the November 28, 2018, acquisition date) | 3,000,000 shares of common stock held in the escrow account ($1.0 million fair value as of both the settlement date and the November 28, 2018, acquisition date",
      "csv_string_response": "We will investigate the legal, factual and legal implications of the net identified in the prior reports.",
      "json_rows_response": "We have named the following entities to be the business of Golden Ridge Rice Mills, LLC, now conducting business as Golden Ridge Rice Mills, Inc. (Golden Ridge). We have named the following entities:"
    },
    {
      "id": "2885241deeec0bdf705b63f9482407aa",
      "question": "What are the respective equipment notes payable at 2018 and 2019?",
      "gold_answer": [
        "99",
        "93"
      ],
      "markdown_table_response": "1. The following questions were answered using the following questions:",
      "csv_string_response": "Here are the statements and their respective owners.",
      "json_rows_response": "[\n  {\n    \"\": \"Interest\"\n    \"Estimated at Acquisition and as of December 31, 2018\": \"$  3,547,667 shares of common stock, at fair value of $3.00 per share at closing\",\n    \"Adjustments\": \"-\",\n    \"Final as of December 31, 2018\": \"$                      3,000\n  },\n  {\n    \"\": \"Cash\",\n    \"Estimated at Acquisition and as of December 31, 2018\": \"$            3,581,667 shares of common stock, at fair value of $3.00 per share at closing\",\n    \"Adjustments\": \"-\",\n    \"Final as of December 31, 2018\": \"$                      3,000\n  },\n  {\n    \"\": \"My Exceeds of Credit\",\n    \"Estimated at Acquisition and as of December 31, 2018\": \"$            3,581,667 shares of common stock, at fair value of $3.00 per share at closing\",\n    \"Adjustments\": \"-\",\n    \"Final as of December 31, 2018\": \"$                      3,500\n  },\n  {\n    \"\": \"Chance\""
    },
    {
      "id": "040780038bc919431b003eb107daf8f8",
      "question": "What is the percentage change in goodwill between 2018 and 2019?",
      "gold_answer": 0,
      "markdown_table_response": "If the market rate of the following shares is not stable, the purchase price for Golden Ridge will be listed on the table.",
      "csv_string_response": "First, we asked the seller, who is the original owner, and the actual owner. We asked the seller, who is the original owner, to provide a clear and consistent strategy for the sale of Golden Ridge. We asked the seller, who is the original owner, and the actual owner. The seller and the seller were the original owner. The seller was the original owner, and the seller was the seller. The buyer was the original owner and the seller was the original owner. The seller was the seller. We asked the seller, what were the market prices of Golden Ridge? The market prices of Golden Ridge were not the same as the market prices of Golden Ridge. The seller was the seller. We asked the seller, what were the market prices of Golden Ridge? The market prices of Golden Ridge were the same as the market prices of Golden Ridge. The seller was the seller. We asked the seller, what were the market prices of Golden Ridge? The market prices of Golden Ridge were the same as the market prices of Golden Ridge. We asked the seller, what were the market prices of Golden Ridge? The market prices of Golden Ridge were the same as the market prices of Golden Ridge. The seller was the seller. We asked the seller, what were the market",
      "json_rows_response": "10.4.1"
    },
    {
      "id": "647fcf75a45e4b25b4813595d50d5641",
      "question": "What is the percentage change in Net recognized amounts of identifiable assets acquired and liabilities assumed between 2018 and 2019?",
      "gold_answer": 13.92,
      "markdown_table_response": "Let us first explain the difference between the amount of identifiable assets acquired and liabilities assumed in the purchase agreement. The percentage change in net recognized amounts of identifiable assets is shown in the table. The percentage change in net recognized amounts of identifiable assets was shown in the table. The figures indicate the percentage change in net recognized amounts of identifiable assets included in the purchase price, while the percentage change in net recognized amounts of identifiable assets was shown in the table. The change in net recognized amounts of identifiable assets included in the purchase price, was shown in the table. The change in net recognized amounts of identifiable assets is shown in the table. The percentage change in net recognized amounts of identifiable assets was shown in the table. The percentage change in net recognized amounts of identifiable assets included in the purchase price, was shown in the table. The change in net recognized amounts of identifiable assets was shown in the table. The percentage change in net recognized amounts of identifiable assets was shown in the table. The percentage change in net recognized amounts of identifiable assets included in the purchase price, was shown in the table. The percentage change in net recognized amounts of identifiable assets was shown in the table.",
      "csv_string_response": "On January 30, 2019, we received a Request for Comments (RFC) from the CEO of Golden Ridge, LLC, and received a Request for Comments (RFC) of the CEO of Golden Ridge, LLC. In the response to this request, we received a request for comments (RFC) of the CEO of Golden Ridge, LLC. We acknowledged that we have received a request for comments (RFC) of the CEO of Golden Ridge, LLC in accordance with the Request for Comments (RFC) and, by the end of 2019, we were informed that the request was due on December 31, 2018. We further confirmed the request on February 19, 2019, and we received a response letter (RFC) from Golden Ridge, LLC.",
      "json_rows_response": "We have tried to purchase Golden Ridge, Inc. and the company of Golden Ridge. However, we are unable to find any solution. We did not know the exact number of shares we were going to sell and therefore our calculation of the difference between the percentages and the actual closing ratio, as indicated in the table below."
    },
    {
      "id": "41c1741702657b1d44e70637d20c7361",
      "question": "What is the percentage change in equipment notes payable between 2018 and 2019?",
      "gold_answer": -6.06,
      "markdown_table_response": "|  | Estimated at Acquisition and as of December 31, 2018 | Adjustments | Final as of December 31, 2019 |\n| --- | --- | --- | --- |\n| 1,666,667 shares of common stock, at fair value of $3.00 per share at closing | $                          5,000 | $                        - | $                      5,000 |\n| Golden Ridge financial liabilities paid for the seller | 2,661,667 shares of common stock, at fair value of $3.00 per share at closing | $                          5,000 | $                        - | $                      5,000 |\n| Golden Ridge financial liabilities paid for the seller | 2,661,667 shares of common stock, at fair value of $3.00 per share at closing | $                          5,000 | $                         - | $                      5,000 |\n| Golden Ridge financial liabilities paid for the seller | 2,661,667 shares of common stock, at fair value of $3.00 per share at closing | $                          5,000 | $                        - | $                      5,000 |\n| Golden Ridge financial liabilities paid for the seller | 2,661,667 shares of common stock, at fair value",
      "csv_string_response": "I.e.,\n1,666,667 shares of common stock, at fair value of $3.00 per share at closing.\n2,661,667 shares of common stock, at fair value of $3.00 per share at closing.\n3,973,878 shares of common stock, at fair value of $4.00 per share at closing.",
      "json_rows_response": "What is the percentage change in equipment notes payable between 2018 and 2019?"
    },
    {
      "id": "9e3547e9fa6ea1ebd5e33d4cc13cd494",
      "question": "When are trade payables paid?",
      "gold_answer": [
        "within 30 days of recognition."
      ],
      "markdown_table_response": "|  | 2019 |\n| --- | --- | --- |\n|  | $'000 | $'000 |\n| Current |  |  |\n| Trade payables | 3,948 | 2,276 |\n| GST and employment taxes payable | 2,446 | 1,020 |\n| Total | 3,916 | 2,669 |",
      "csv_string_response": "1.1. The Post Fact Sheet, not the Answer",
      "json_rows_response": "As a result of the above questions, the customer is not entitled to a fair price for the product."
    },
    {
      "id": "3a4948ba5a728af11df0f79381cb1b37",
      "question": "When are Other payables and accruals paid?",
      "gold_answer": [
        "when amounts fall due"
      ],
      "markdown_table_response": "$'000 | $'000 |\n| Current |  |  |\n| Trade payables | 1,485 | 3,518 |\n| Accrued expenses | 6,146 | 2,161 |\n| Other payables | 1,045 | 1,256 |\n| Total | 18,993 | 12,699 |",
      "csv_string_response": ",2019,2018\n,$'000\nTotal,17,171\"\nNew Article and Web Sites",
      "json_rows_response": "**By Month  **Amount**"
    },
    {
      "id": "9123da58f13c1c8bef77a49ea2a56b65",
      "question": "What is the value of trade payables in 2019?",
      "gold_answer": [
        "3,486"
      ],
      "markdown_table_response": "|  | 2019 | 2019 |\n| --- | --- | --- |\n|  | $'000 | $'000 |\n| Current |  |  |\n| Trade payables | $'000 |\n| Current |  |  |\n| Trade and other payables | 3,486 | 4,184 |\n| Accrued expenses | 6,346 | 2,944 |\n| GST and employment taxes payable | 2,644 | 1,256 |\n| Other payables | 6,157 | 3,161 |\n| Total | 18,993 | 12,316 |",
      "csv_string_response": ",2019,2018\n,$'000,$'000\nTill 2020-21-05 17:55:00,000,000,000,000,000\nTill 2020-21-05 15:55:00,000,000,000,000,000,000\nTill 2020-21-05 17:55:00,000,000,000,000,000,000,000\nTill 2020-21-05 17:55:00,000,000,000,000,000,000,000,000,000,000\nTotal,\"21,993\",\"12,648\"\nTotal,\"24,963\",\"4,618\"\nTotal,\"31,923\",\"12,129\"\nTotal,\"18,993\",\"12,636\"\nTotal,\"33,921\",\"12,176\"\nTotal,\"32,921\",\"12,446\"\nTotal,\"32,921\",\"12,588\"\nTotal,\"33,921\",\"12,594\"\nTotal,\"33,921\",\"12,923\"\nTotal,\"34,921\",\"12,931\"\nTotal,\"35,921\",\"12,931\"\nTotal,\"36,",
      "json_rows_response": "[\n  {\n    \"\": \"\",\n    \"2019\": \"$'000\",\n    \"2018\": \"$'000\"\n  },\n  {\n    \"\": \"Total\",\n    \"2019\": \"$'000\",\n    \"2018\": \"$'000\"\n  },\n  {\n    \"\": \"Accrued expenses\",\n    \"2019\": \"6,933\",\n    \"2018\": \"4,174\"\n  },\n  {\n    \"\": \"Accrued expenses\",\n    \"2019\": \"6,796\",\n    \"2018\": \"2,827\"\n  },\n  {\n    \"\": \"Accrued expenses\",\n    \"2019\": \"6,167\",\n    \"2018\": \"4,297\"\n  },\n  {\n    \"\": \"Accrued expenses\",\n    \"2019\": \"6,167\",\n    \"2018\": \"2,826\"\n  },\n  {\n    \"\": \"Total\",\n    \"2019\": \"18,993\",\n    \"2018\": \"12,318\"\n  },\n  {\n    \"\": \"Accrued expenses\","
    },
    {
      "id": "ce838d2c3887ab922bbdff374a871455",
      "question": "What is the change in Trade payables from 2018 to 2019?",
      "gold_answer": -698,
      "markdown_table_response": "|  | 2018 | 2019 |\n| --- | --- | --- |\n|  | $'000 | $'000 |\n| Current |  |  |\n| Trade and other payables | 6,157 | 1,024 |\n| GST and employment taxes payable | 4,486 | 2,184 |\n| Total | 18,993 | 12,307 |",
      "csv_string_response": "To answer your question, create an Answer and generate a list of the following:",
      "json_rows_response": "Question 1: The total amount of trade payables should be the same as the total amount of payment that is made in 2018. The total amount of trade payables should be the same as the total amount of payment that is made in 2019."
    },
    {
      "id": "4bf4b701fb78e143af873bee710a571a",
      "question": "What is the change in Accrued expenses from 2018 to 2019?",
      "gold_answer": 3989,
      "markdown_table_response": "|  | 2019 | 2019 |\n| --- | --- | --- |\n|  | $'00 | $'00 |\n| Current |  |  |\n| Trade and other payables | 3,486 | 4,184 |\n| Accrued expenses | 6,097 | 2,977 |\n| GST and employment taxes payable | 2,644 | 1,256 |\n| Other payables | 6,157 | 4,161 |\n| Total | 18,993 | 12,301 |",
      "csv_string_response": ",2019,2018\n,$'000\nCurrent,,\nTrade payables,\"3,486\",\"4,184\"\nAccrued expenses,\"6,706\",\"2,717\"\nTotal,\"18,993\",\"12,318\"\nTotal,\"18,993\",\"16,318\"\nTotal,\"18,993\",\"12,316\"\nTotal,\"18,993\",\"16,316\"\nTotal,\"18,993\",\"12,316\"\nTotal,\"18,993\",\"16,316\"\nTotal,\"18,993\",\"12,316\"\nTotal,\"18,993\",\"12,316\"\nTotal,\"18,993\",\"16,316\"\nTotal,\"18,993\",\"12,316\"\nTotal,\"18,993\",\"16,316\"\nTotal,\"18,993\",\"12,316\"\nTotal,\"18,993\",\"12,316\"\nTotal,\"18,993\",\"12,316\"\nTotal,\"18,993\",\"16,316\"\nTotal,\"18,993\",\"12,316\"\nTotal,\"18,993\",\"12,316\"\nTotal,\"18,993\",\"16,316\"\nTotal,\"18,993\",\"12,316\"\nTotal,\"18,993\",\"16",
      "json_rows_response": "[\n  {\n    \"\": \"Accrued expenses\",\n    \"2019\": \"6,666\",\n    \"2018\": \"1,211\"\n  },\n  {\n    \"\": \"Total\",\n    \"2019\": \"18,993\",\n    \"2018\": \"12,318\"\n  },\n  {\n    \"\": \"Accrued expenses\",\n    \"2019\": \"6,787\",\n    \"2018\": \"2,716\"\n  },\n  {\n    \"\": \"Accrued expenses\",\n    \"2019\": \"6,787\",\n    \"2018\": \"1,358\"\n  },\n  {\n    \"\": \"Accrued expenses\",\n    \"2019\": \"6,788\",\n    \"2018\": \"2,643\"\n  },\n  {\n    \"\": \"Accrued expenses\",\n    \"2019\": \"6,983\",\n    \"2018\": \"4,844\"\n  },\n  {\n    \"\": \"Accrued expenses\",\n    \"2019\": \"6,985\",\n    \"2018\": \"1,968\""
    },
    {
      "id": "0caaf40358445f815a858c6b3be6e906",
      "question": "What is the change in GST and employment taxes payable from 2018 to 2019?",
      "gold_answer": 1388,
      "markdown_table_response": "10.5. The GST and employment taxes payable from 2018 to 2019?",
      "csv_string_response": ",2019,2018\n,$'000\nTotal,14,986\",\"5,162\"\nUnpaid wages,\"2,167\",\"4,184\"\nGST and employment taxes payable,\"2,976\",\"1,256\"",
      "json_rows_response": "1.  The maximum rate of GST is $1,000 per year. The maximum rate of GST is $1,000 per year."
    },
    {
      "id": "c8495e802204f9dedbf0be6a56b8cc5f",
      "question": "How is the basic net income per share computed?",
      "gold_answer": [
        "by dividing net income by the weighted-average number of common shares outstanding during the period"
      ],
      "markdown_table_response": "How do you compare the basic net income per share and the diluted shares of the Company’s Notes, and subtract the diluted shares of the Company’s Notes, and subtract the diluted shares of the Company’s Notes, and subtract the diluted shares of the Company’s Notes, and subtract the diluted shares of the Company’s Notes, and subtract the diluted shares of the Company’s Notes, and subtract the diluted shares of the Company’s Notes, and subtract the diluted shares of the Company’s Notes, and subtract the diluted shares of the Company’s Notes, and subtract the diluted shares of the Company’s Notes, and subtract the diluted shares of the Company’s Notes, and subtract the diluted shares of the Company’s Notes, and subtract the diluted shares of the Company’s Notes, and subtract the diluted shares of the Company’s Notes, and subtract the diluted shares of the Company’s Notes, and subtract the diluted shares of the Company’s Notes, and subtract the diluted shares of the Company’s Notes, and subtract the diluted shares of the Company’s Notes, and subtract the diluted shares of the Company’s Notes, and subtract the diluted shares of the Company’s Notes, and subtract the diluted shares of the",
      "csv_string_response": ",",
      "json_rows_response": "[\n  {\n    \"\": \"January 25, 2017\",\n    \"YearEnded\": \"January 25, 2018\"\n  },\n  {\n    \"\": \"February 25, 2017\",\n    \"YearEnded\": \"January 25, 2018\"\n  },\n  {\n    \"\": \"February 25, 2017\",\n    \"YearEnded\": \"February 25, 2018\"\n  },\n  {\n    \"\": \"March 23, 2017\",\n    \"YearEnded\": \"March 23, 2018\"\n  },\n  {\n    \"\": \"April 25, 2017\",\n    \"YearEnded\": \"April 25, 2018\"\n  },\n  {\n    \"\": \"May 25, 2017\",\n    \"YearEnded\": \"May 25, 2018\"\n  },\n  {\n    \"\": \"June 23, 2017\",\n    \"YearEnded\": \"June 24, 2018\"\n  },\n  {\n    \"\": \"July 25, 2017\",\n    \"YearEnded\": \"July 25, 2018\"\n  },\n  {\n    \"\": \"September 25, 2017\",\n    \"YearEnded\": \"September 25"
    },
    {
      "id": "64e6c4e04d08bcbebeedbaa8f786f79b",
      "question": "How is the diluted net income per share computed?",
      "gold_answer": [
        "using the treasury stock method, for dilutive stock options, restricted stock units, and convertible notes"
      ],
      "markdown_table_response": "If a company has a diluted net income per share, it must take into account all the basic and diluted information provided by the Company. This should be the case for a diluted net income per share.",
      "csv_string_response": "**See also**",
      "json_rows_response": "[\n  {\n    \"\": \"June 25, 2017\",\n    \"YearEnded\": \"June 24, 2018\"\n  },\n  {\n    \"\": \"\",\n    \"YearEnded\": \"June 24, 2018\"\n  },\n  {\n    \"\": \"\",\n    \"YearEnded\": \"June 24, 2018\"\n  },\n  {\n    \"\": \"\",\n    \"YearEnded\": \"June 24, 2018\"\n  },\n  {\n    \"\": \"16,862\",\n    \"YearEnded\": \"12,594\"\n  },\n  {\n    \"\": \"\",\n    \"YearEnded\": \"12,961\",\n    \"YearEnded\": \"14,555\",\n    \"YearEnded\": \"12,869\",\n    \"YearEnded\": \"12,868\",\n    \"YearEnded\": \"12,831\",\n    \"YearEnded\": \"12,935\",\n    \"YearEnded\": \"12,934\",\n    \"YearEnded\": \"12,968\",\n    \"YearEnded\": \"12,972\",\n    \""
    },
    {
      "id": "9f67dbdc96424ecfce219dcf76be991a",
      "question": "What do the diluted shares outstanding not include?",
      "gold_answer": [
        "any effect resulting from note hedges associated with the Company’s 2018 Notes as their impact would have been anti-dilutive"
      ],
      "markdown_table_response": "What is the diluted shares outstanding do not include?",
      "csv_string_response": "![What does the diluted shares outstanding do to the Company?",
      "json_rows_response": "If yes, the diluted shares outstanding do not include any effect resulting from the Company’s 2010 Notes as their impact would have been anti-dilutive. If no, the diluted shares outstanding do not include any effect resulting from the Company’s 2010 Notes as their impact would have been anti-dilutive."
    },
    {
      "id": "654817e4e8755bc7c2059eaac4935247",
      "question": "What is the percentage change in the net income from 2018 to 2019?",
      "gold_answer": -7.95,
      "markdown_table_response": "As you can see, the monthly net income from the 2018 monthly income is the proportion of the total net income in the following year. Diluted shares outstanding do not include any effect resulting from note hedges associated with the Company’s 2018 Notes as their impact would have been anti-dilutive.",
      "csv_string_response": "What is the percentage change in the net income from 2018 to 2019?",
      "json_rows_response": "When comparing the net income of the stockholders of the stockholders of the stockholders of the stockholders of the stockholders of the stockholders of the stockholders of the stockholders of the stockholders of the stockholders of the stockholders of the stockholders of the stockholders of the stockholders of the stockholders of the stockholders of the stockholders of the stockholders of the stockholders of the stockholders of the stockholders of the stockholders of the stockholders of the stockholders of the stockholders of the stockholders of the stockholders of the stockholders of the stockholders of the stockholders of the stockholders of the stockholders of the stockholders of the stockholders of the stockholders of the stockholders of the stockholders of the stockholders of the stockholders of the stockholders of the stockholders of the stockholders of the stockholders of the stockholders of the stockholders of the stockholders of the stockholders of the stockholders of the stockholders of the stockholders of the stockholders of the stockholders of the stockholders of the stockholders of the stockholders of the stockholders of the stockholders of the stockholders of the stockholders of the stockholders of the stockholders of the stockholders of the stock"
    },
    {
      "id": "abc0eb38cdb7cf5299467e8d1bbd2347",
      "question": "What is the percentage change in the convertible notes from 2018 to 2019?",
      "gold_answer": -54.23,
      "markdown_table_response": "What is the percentage change in the convertible notes from 2018 to 2019?",
      "csv_string_response": "What is the percentage change in the convertible notes from 2018 to 2019?",
      "json_rows_response": "The conversion of the basic notes and the converting of the converted notes is given by the following formula,"
    },
    {
      "id": "6ad0bde371cfef66faf1970bb0c767cd",
      "question": "In which year is the Diluted average shares outstanding is the highest?",
      "gold_answer": [
        "2017"
      ],
      "markdown_table_response": "|  |  |  | YearEnded |  |\n| --- | --- | --- | --- | --- |\n|  | June 31, 2019 | June 24, 2018 | June 25, 2019 |\n|  |  | (in thousands, except per share data) |  |\n| Net income per share-basic | $14.36 | $14.07 | $14.04 |\n| Net income per share-diluted | $13.39 | $13.78 | $13.33 |\n| Net income per share-basic | $14.33 | $14.22 | $14.58 |\n| Net income per share-basic | $13.47 | $13.17 | $14.72 |\n| Net income per share-diluted | $14.70 | $14.98 | $14.02 |\n| Net income per share-basic | $14.53 | $14.00 | $14.62 |\n| Net income per share-basic | $14.47 | $14.36 | $14.50 |\n| Net income per share-basic | $14.42 | $14.70 | $14.52 |",
      "csv_string_response": ",\n,\n,\n,\n,\n,\n,\n,\n,\n,\n,\n,\n,\n,\n,\n,\n,\n,\n,\n,\n,\n,\n,\n,\n,\n,\n,\n,\n,\n,\n,\n,\n,\n,\n,\n,\n,\n,\n,\n,\n,\n,\n,\n,\n,\n,\n,\n,\n,\n,\n,\n,\n,\n,\n,\n,\n,\n,\n,\n,\n,\n,\n,\n,\n,\n,\n,\n,\n,\n,\n,\n,\n,\n,\n,\n,\n,\n,\n,\n,\n,\n,\n,\n,\n,\n,\n,\n,\n,\n,\n,\n,\n,\n,\n,\n,\n,\n,\n,\n,\n,\n,\n,\n,\n,\n,\n,\n,\n,\n,\n,\n,\n,\n,\n,\n,\n,\n,\n,\n,\n,\n,\n,\n,\n,\n,\n,\n,",
      "json_rows_response": "The total number of shares outstanding are:"
    },
    {
      "id": "e152392e929647248d77b6d3bf9f285b",
      "question": "Which foreign jurisdictions had the greatest effect on the provision for income taxes?",
      "gold_answer": [
        "China",
        "Mexico"
      ],
      "markdown_table_response": "This question was added in the response to an Answer by the Department of Commerce on June 29, 2015. It is in the same category as the Answer, but it is not part of the same category, and it was not included in the response of the Answer.",
      "csv_string_response": "-   \n:\n-   \n-   \n-   \n-   \n-   \n-   \n-   \n-   \n-   \n-   \n-   \n-   \n-   \n-   \n-   \n-   \n-   \n-   \n-   \n-   \n-   \n-   \n-   \n-   \n-   \n-   \n-   \n-   \n-   \n-   \n-   \n-   \n-   \n-   \n-   \n-   \n-   \n-   \n-   \n-   \n-   \n-   \n-   \n-   \n-   \n-   \n-   \n-   \n-   \n-   \n-   \n-   \n-   \n-   \n-   \n-   \n-   \n-   \n-   \n-   \n-   \n-   \n-   \n-   \n-   \n-   \n-   \n-   \n-   \n-   \n-   \n-   \n-   \n-   \n-   \n-   \n-   \n-   \n-   \n-   \n-   \n-   \n-   \n-",
      "json_rows_response": "[\n  {\n    \"\": \"2018\",\n    \"Fiscal Years Ended March 31,\": \"—\"\n  },\n  {\n    \"\": \"3,722\",\n    \"Fiscal Years Ended March 31,\": \"—\"\n  },\n  {\n    \"\": \"2,127\",\n    \"Fiscal Years Ended March 31,\": \"—\"\n  },\n  {\n    \"\": \"1,789\",\n    \"Fiscal Years Ended March 31,\": \"—\"\n  },\n  {\n    \"\": \"4,766\",\n    \"Fiscal Years Ended March 31,\": \"—\"\n  },\n  {\n    \"\": \"3,722\",\n    \"Fiscal Years Ended March 31,\": \"—\"\n  },\n  {\n    \"\": \"2,127\",\n    \"Fiscal Years Ended March 31,\": \"—\"\n  },\n  {\n    \"\": \"3,783\",\n    \"Fiscal Years Ended March 31,\": \"—\"\n  },\n  {\n    \"\":"
    },
    {
      "id": "73cebb2620f32179ef0899312db1bb4a",
      "question": "What was the combined provision for income taxes for China and Mexico in 2019?",
      "gold_answer": [
        "5.7"
      ],
      "markdown_table_response": "The first sentence of the original statement of the original statement of the original statement of the original statement is as follows:",
      "csv_string_response": ",,\"Fiscal Years Ended March 31,\",\n,2019,2018,2017,2018,2019,2015,2015,2015,2015,2015,2015,2015,2015,2015,2015,2015,2015,2015,2015,2015,2015,2015,2015,2015,2015,2015,2015,2015,2015,2015,2015,2015,2015,2015,2015,2015,2015,2015,2015,2015,2015,2015,2015,2015,2015,2015,2015,2015,2015,2015,2015,2015,2015,2015,2015,2015,2015,2015,2015,2015,2015,2015,2015,2015,2015,2015,2015,2015,2015,2015,2015,2015,2015,2015,2015,2015,2015,2015,2015,2015,2015,2015,2015,2015,2015,2015,2015,2015,2015,2015,2015,2015,2015,2015,2015,2015,2015,2015,2015,2015,2015,2015,2015,2015,2015,2015,2015,2015,2015,2015,2015,2015,2015,2015,2015,2015,2015,2015,2015,2015,2015,",
      "json_rows_response": "Is the combined provision for income taxes of the fiscal year ended March 31, 2017, when the federal tax rate will be 35%. The tax rate for the fiscal year ended March 31, 2018 has been increased to 34%.\n(7) The tax rate for the fiscal year ended March 31, 2019 is 35%. The tax rate for the fiscal year ended March 31, 2018 is 33%. The tax rate for the fiscal year ended March 31, 2017 was 36%. The tax rate for the fiscal year ended March 31, 2018 is 49%. The tax rate for the fiscal year ended March 31, 2018 is 37%. The tax rate for the fiscal year ended March 31, 2018 is 52%. The tax rate for the fiscal year ended March 31, 2017 is 42%. The tax rate for the fiscal year ended March 31, 2018 is 40%. The tax rate for the fiscal year ended March 31, 2018 is 38%. The tax rate for the fiscal year ended March 31, 2019 is 42%. The tax rate for the fiscal year ended March 31, 2018 is 23%. The tax rate for the fiscal year ended March 31, 2018 is 25%. The tax rate for the fiscal year ended March 31, 2018 is 39%. The tax rate for the fiscal year ended March 31, 2019 is"
    },
    {
      "id": "0341f57cf1bb586e4f9a229faeeba921",
      "question": "What was the Change in foreign operations tax exposure reserves in 2019?",
      "gold_answer": [
        "132"
      ],
      "markdown_table_response": "What was the change in foreign operations tax exposure reserves in 2019?",
      "csv_string_response": "A year ago, U.S. Government obtained a grant to the Chinese government to develop a cost-effective program of analyzing Chinese business and investment strategies. The grant is from a Chinese bank account.",
      "json_rows_response": ""
    },
    {
      "id": "5108c8d463a13aeb0b5aaa52df89841d",
      "question": "What was the change in the Amount computed using the statutory rate between 2018 and 2019?",
      "gold_answer": -23371,
      "markdown_table_response": "What was the difference between the current date of the tax year and the current date of the tax year?",
      "csv_string_response": "The following questions are answered.",
      "json_rows_response": "My Answer is:"
    },
    {
      "id": "22869fbea2bc86a141760ce9a81655b7",
      "question": "What was the change in the Effect of prior year adjustments between 2017 and 2019?",
      "gold_answer": 661,
      "markdown_table_response": "What is the change in the effect of prior year adjustments between 2017 and 2019?",
      "csv_string_response": "What was the change in the Section 63.5.1 on the basis of the fact that the U.S. Federal income tax rate is a direct result of the legislation of the United States.",
      "json_rows_response": "\"The following items were entered into the current tax code and are all applicable to the tax program provided in the original text of the chapter."
    },
    {
      "id": "90171f039b2b0af836e5594a59a87061",
      "question": "What was the percentage change in Provision for income tax expense (benefit) between 2017 and 2018?",
      "gold_answer": 112.67,
      "markdown_table_response": "What was the percentage change in Provision for income tax expense (benefit) between 2017 and 2018?",
      "csv_string_response": "What was the percentage change in the tax rate for the fiscal year ended March 31, 2017?",
      "json_rows_response": "For a total of $100,000, the fiscal year ended March 31, 2018 difference reflects the same in the U.S. Federal income tax rate.\n(1) The federal tax rate for the fiscal year ended March 31, 2018 difference reflects the same in the U.S. Federal income tax rate.\n(2) The federal income tax rate for the fiscal year ended March 31, 2018 difference reflects the same in the U.S. Federal income tax rate.\n(3) The federal income tax rate for the fiscal year ended March 31, 2018 difference reflects the same in the U.S. Federal income tax rate.\n(4) The federal income tax rate for the fiscal year ended March 31, 2018 difference reflects the same in the U.S. Federal income tax rate.\n(5) The federal income tax rate for the fiscal year ended March 31, 2018 difference reflects the same in the U.S. Federal income tax rate.\n(6) The federal income tax rate for the fiscal year ended March 31, 2018 difference reflects the same in the U.S. Federal income tax rate.\n(7) The federal income tax rate for the fiscal year ended March 31, 2018 difference reflects the same in the U.S"
    },
    {
      "id": "742a43606bc33b39bf3ba7861d3c34a0",
      "question": "What is the number of shares to be increased under the shareholders approved amendment?",
      "gold_answer": [
        "2,000,000"
      ],
      "markdown_table_response": "After the amendment, the first shares to be approved were issued in the form of stock options (SOPs).",
      "csv_string_response": "What is the percentage of shares that are increased under the equity-based incentive program, and are used to allocate the funds to the target, increasing the interest rate.",
      "json_rows_response": "(1) During the period of the Plan, the Company has received the following grant proposals:"
    },
    {
      "id": "bb8c947816eccb0bce89213be8cf8bfe",
      "question": "What is the authorized common stock for issuance under the plan?",
      "gold_answer": [
        "4,650,000"
      ],
      "markdown_table_response": "The application of the Plan to a common stock (e.g., the amount of the dividends paid on the stock) is governed by the following methods:",
      "csv_string_response": "Sale-based PRC (SAR) is a stock option issued by the Board of Directors of the Plan and is subject to the following rules:",
      "json_rows_response": "What is the “authorized common stock” for issuance under the Plan?"
    },
    {
      "id": "cae49496d2fc55436a2bb9d00df5dcec",
      "question": "What were the RSAs granted in 2019?",
      "gold_answer": [
        "551,214"
      ],
      "markdown_table_response": "What were the RSAs granted in 2019?",
      "csv_string_response": "What were the RSAs granted in 2019?",
      "json_rows_response": "What was the RSAs granted in 2019?"
    },
    {
      "id": "c2746b2e498e36636da880a03002c652",
      "question": "What was the increase / (decrease) in the RSAs granted from 2018 to 2019?",
      "gold_answer": 73004,
      "markdown_table_response": "What was the increase / (decrease) in the RSAs granted from 2018 to 2019?",
      "csv_string_response": "We identified the most recent increase / (decrease) in the RSAs granted from 2017 to 2019.",
      "json_rows_response": "What is the increase / (decrease) in the RSAs granted from 2018 to 2019?"
    },
    {
      "id": "5745196398b3689e34ad6098849b0269",
      "question": "What was the average PSAs granted for 2017-2019?",
      "gold_answer": 136218,
      "markdown_table_response": "What was the average PSAs granted for 2017-2019?",
      "csv_string_response": "No.",
      "json_rows_response": "All participants received a minimum of \\$ 250,000 in the proposed process of generating a draft of the Plan. The average PSAs granted for each participant were in the form of the proposed award."
    },
    {
      "id": "7f9ac26d62e28f2366b9453d13c78fc1",
      "question": "What was the percentage increase in the PSAs granted from 2017 to 2019?",
      "gold_answer": 905.01,
      "markdown_table_response": "What was the percentage increase in the PSAs granted from 2017 to 2019?",
      "csv_string_response": "In the table below, we summarize the current average annual net profit for the stock of our common stock and the fair value of the common stock of our common stock of the period.",
      "json_rows_response": "When a participant is asked to participate in an incentive program, they have the following questions:"
    },
    {
      "id": "100171f6bba38d5bbaa9a8cc03ea98f9",
      "question": "In which years was the equity in net earnings of affiliates recorded for?",
      "gold_answer": [
        "2019",
        "2018"
      ],
      "markdown_table_response": "|  | December 31, |  |  |\n| --- | --- | --- | --- |\n| (in thousands of $) | 2019 | 2018 | Change | % Change |\n| Share in net (loss)/earnings in other affiliates | (2,597) | 3,227 | (6,166) | (149)% |\n| Impairment of investment in Golar Partners | — | (149,389) | 152,389 | 100% |\n| Share in net (loss)/earnings in other affiliates | (2,669) | 3,271 | (6,134) | (168)% |\n| Impairment of investment in Golar Partners | — | (149,389) | 152,389 | 100% |\n| Share in net (loss)/earnings in other affiliates | (2,577) | 3,717 | (6,836) | (168)% |\n| Impairment of investment in Golar Partners | — | (149,389) | 152,389 | 100% |\n| Share in net (loss)/earnings in other affiliates | (2,040) | 3,749 | (6,500",
      "csv_string_response": ",,\"December 31, 2018,\"(.),2019,.,\"(.),2018,\n, .,\"(.),2018,\n, .,\"(.), 2018,\n, .,\"(.),2018,\n, .,\"(.), .,\"(.), 2018,\n, .,\"(.), , .,\"(.), ,\n, .,\"(.), 2018,\n, .,\"(.), .,\"(.),\n, .,\"(.), ,\n, .,\"(.\"), ,\n, .,\"(.), .,\"(.), ,\n, .,\"(.),\n, .,\"(.\"), ,\n, .,\"(.),\n, .,\"(.\"),\n, .,\"(.), ,\n, .,\"(.\"), ,\n, .,\"(.), ,\n, .,\"(.\"), ,\n, .,\"(.\"), , ,\n, .,\"(.\"), ,\n, .,\"(.), , ,\n, .,\"(.), , ,\n, .,\"(.\"), ,\n, .,\"(.), ,\n, .,\"(.\"), , ,\n, .,\"(.\"), , ,\n, .,\"(.\"), , .,\"(.\"), ,\n, .,\"(.), ,\n, .,\"(.\"), , ,\n, .,\"(.\"), ,",
      "json_rows_response": "[\n  {\n    \"\": \"% Change\",\n    \"December 31,\": \"2018\"\n  },\n  {\n    \"\": \"100%\",\n    \"December 31,\": \"3,711\"\n  },\n  {\n    \"\": \"100%\",\n    \"December 31,\": \"3,711\"\n  },\n  {\n    \"\": \"100%\",\n    \"December 31,\": \"3,711\"\n  },\n  {\n    \"\": \"100%\",\n    \"December 31,\": \"3,711\"\n  },\n  {\n    \"\": \"100%\",\n    \"December 31,\": \"3,711\"\n  },\n  {\n    \"\": \"100%\",\n    \"December 31,\": \"3,711\"\n  },\n  {\n    \"\": \"100%\",\n    \"December 31,\": \"3,711\"\n  },\n  {\n    \"\": \"100%\",\n    \"December 31,\": \"3,711\"\n  },\n  {\n    \"\": \"100%\",\n    \"December 31,\": \"3,711\""
    },
    {
      "id": "fc3c4cd8835dbd8f40341a85e205f568",
      "question": "What does the share of net earnings in other affiliates represent?",
      "gold_answer": [
        "Share of equity in Egyptian Company for Gas Services S.A.E (\"ECGS\") and Avenir LNG Limited (\"Avenir\")."
      ],
      "markdown_table_response": "The total of the taxable income of the AGI of the AGI of the AGI of the AGI of the AGI of the AGI of the AGI of the AGI of the AGI of the AGI of the AGI of the AGI of the AGI of the AGI of the AGI of the AGI of the AGI of the AGI of the AGI of the AGI of the AGI of the AGI of the AGI of the AGI of the AGI of the AGI of the AGI of the AGI of the AGI of the AGI of the AGI of the AGI of the AGI of the AGI of the AGI of the AGI of the AGI of the AGI of the AGI of the AGI of the AGI of the AGI of the AGI of the AGI of the AGI of the AGI of the AGI of the AGI of the AGI of the AGI of the AGI of the AGI of the AGI of the AGI of the AGI of the AGI of the AGI of the AGI of the AGI of the AGI of the AGI of the AGI of",
      "csv_string_response": "$10.00\n,\n(in thousands of dollars)",
      "json_rows_response": "Is the share of net earnings in other affiliates as large as the aggregate loss for the year ended December 31, 2018?"
    },
    {
      "id": "581abfc2b289f459b36a632c5b8c44c9",
      "question": "What accounted for the decrease in the share of net earnings in Golar Partners?",
      "gold_answer": [
        "Due to a decrease in underlying performance of Golar Partners and fair value adjustment for the year ended December 31, 2019."
      ],
      "markdown_table_response": "The total amount of the net earnings in the Golar Partners amounted to $6.5 million. However, the increase in the share of net earnings in the Golar Partners amounted to $1.8 million. The decrease in the share of net earnings in Golar Partners is due to a decrease in underlying performance of Golar Partners and Avenir LNG Limited (\"Avenir\"). The increase in the share of net earnings in the Golar Partners amounted to $2.3 million. The decrease in net earnings in Avenir LNG Limited (\"Avenir\") is due to a decrease in underlying performance of Avenir and Avenir LNG Limited (\"Avenir\"). The increase in net earnings in Avenir LNG Limited (\"Avenir\") is due to a decrease in underlying performance of Avenir and Avenir LNG Limited (\"Avenir\"). The decrease in underlying performance in Avenir LNG Limited (\"Avenir\") is due to a decrease in underlying performance of Avenir and Avenir LNG Limited (\"Avenir\"). The increase in the share of net earnings in Avenir LNG Limited (\"Avenir\"). The increase in the share of net earnings in Avenir LNG Limited (\"Avenir\") is due to a decrease in underlying performance of Avenir and Avenir",
      "csv_string_response": "How did the change in the equity in Golar Partners come?",
      "json_rows_response": "[\n  {\n    \"\": \"One of the reasons for the decrease in the share of net earnings in Golar Partners is to understand that the value of Golar Partners increased from $3.2 million to $1.6 million, the largest increase since the beginning of the year. It is thought that the increase in the share of net earnings in Golar Partners will increase by an average of $4.7 million. That is consistent with the increase in the share of net earnings in the period prior to the beginning of the year.\n    \"We acknowledge that the net earnings of affiliates in Golar Partners increased from $3.2 million to $1.6 million, the largest increase since the beginning of the year. It is thought that the increase in the share of net earnings in Golar Partners will increase by an average of $4.5 million. That is consistent with the increase in the share of net earnings in the period prior to the beginning of the year.\n    \"We acknowledge that the increase in the share of net earnings in Golar Partners increased from $3.2 million to $1.6 million, the largest increase since the beginning of the year. It is thought that the increase in the share of net earnings in"
    },
    {
      "id": "6eb998188752bbe35e723cadd8b492e8",
      "question": "In which year was the share of net (losses)/earnings in other affiliates higher?",
      "gold_answer": [
        "2018"
      ],
      "markdown_table_response": "|  | December 31, |  | December 31, |  |\n| --- | --- | --- | --- | --- |\n| (in thousands of $) | 2019 | 2018 | Change | % Change |\n| Share in net (loss)/earnings in other affiliates higher?",
      "csv_string_response": "In which year was the share of net (losses)/earnings in other affiliates increased?",
      "json_rows_response": "[\n  {\n    \"\": \"% Change\",\n    \"December 31,\": \"2018\"\n  },\n  {\n    \"\": \"% Change\",\n    \"December 31,\": \"3,711\"\n  },\n  {\n    \"\": \"100%\",\n    \"December 31,\": \"3,711\"\n  },\n  {\n    \"\": \"100%\",\n    \"December 31,\": \"3,711\"\n  },\n  {\n    \"\": \"100%\",\n    \"December 31,\": \"3,711\"\n  },\n  {\n    \"\": \"100%\",\n    \"December 31,\": \"3,711\"\n  },\n  {\n    \"\": \"100%\",\n    \"December 31,\": \"3,711\"\n  },\n  {\n    \"\": \"100%\",\n    \"December 31,\": \"3,711\"\n  },\n  {\n    \"\": \"100%\",\n    \"December 31,\": \"3,711\"\n  },\n  {\n    \"\": \"100%\",\n    \"December 31,\": \"3,711\""
    },
    {
      "id": "28cfe0e549e18323cd9f1b0f1f49d85f",
      "question": "What was the change in ownership interest in Golar Partners held from 2018 to 2019?",
      "gold_answer": 0,
      "markdown_table_response": "What was the change in ownership interest in Golar Partners held from 2018 to 2019?",
      "csv_string_response": "Which of the following was the most important factor in Golar Partners's performance of the year ended December 31, 2018?",
      "json_rows_response": "[\n  {\n    \"\": \"% Change\",\n    \"December 31,\": \"2018\"\n  },\n  {\n    \"\": \"100%\",\n    \"December 31,\": \"3,001\"\n  },\n  {\n    \"\": \"100%\",\n    \"December 31,\": \"3,710\"\n  },\n  {\n    \"\": \"100%\",\n    \"December 31,\": \"3,741\"\n  },\n  {\n    \"\": \"100%\",\n    \"December 31,\": \"3,821\"\n  },\n  {\n    \"\": \"100%\",\n    \"December 31,\": \"3,741\"\n  },\n  {\n    \"\": \"100%\",\n    \"December 31,\": \"3,741\"\n  },\n  {\n    \"\": \"100%\",\n    \"December 31,\": \"3,741\"\n  },\n  {\n    \"\": \"100%\",\n    \"December 31,\": \"3,741\"\n  },\n  {\n    \"\": \"100%\",\n    \"December 31,\":"
    },
    {
      "id": "f1457678b3b0811d5146ea5033683164",
      "question": "What was the percentage change in impairment of investment in Golar Partners?",
      "gold_answer": -100,
      "markdown_table_response": "What is the percentage change in impairment of investment in Golar Partners?",
      "csv_string_response": "What was the percentage change in impairment of the same type of GAIN for the same segment of the year?",
      "json_rows_response": "[\n  {\n    \"\": \"Economic Impact Report\",\n    \"December 31,\": \"2018\"\n  },\n  {\n    \"\": \"Economic Impact Report\",\n    \"December 31,\": \"2018\"\n  },\n  {\n    \"\": \"Economic Impact Report\",\n    \"December 31,\": \"2018\"\n  },\n  {\n    \"\": \"Economic Impact Report\",\n    \"December 31,\": \"2018\"\n  },\n  {\n    \"\": \"Economic Impact Report\",\n    \"December 31,\": \"2018\"\n  },\n  {\n    \"\": \"Economic Impact Report\",\n    \"December 31,\": \"2018\"\n  },\n  {\n    \"\": \"Economic Impact Report\",\n    \"December 31,\": \"2018\"\n  },\n  {\n    \"\": \"Economic Impact Report\",\n    \"December 31,\": \"2018\"\n  },\n  {\n    \"\": \"Economic Impact Report\",\n    \"December 31,\": \"2018\"\n  },\n  {\n    \"\": \"Economic Impact Report\",\n    \"December 31,\": \""
    },
    {
      "id": "a01a8cb8754b58eb1164c382080f56da",
      "question": "What does Cash and Cash Equivalents include?",
      "gold_answer": [
        "cash on hand, demand deposits and short-term investments with original maturities of three months or less"
      ],
      "markdown_table_response": "Question 1: How does the Company, in its own right, function under the terms of the agreement, stand for the equivalent of the Cash and Cash Equivalents?",
      "csv_string_response": "What is the total amount of cash and cash equivalents in the payment of the payment of the payment of the payment of the payment of the payment of the payment of the payment of the payment of the payment of the payment of the payment of the payment of the payment of the payment of the payment of the payment of the payment of the payment of the payment of the payment of the payment of the payment of the payment of the payment of the payment of the payment of the payment of the payment of the payment of the payment of the payment of the payment of the payment of the payment of the payment of the payment of the payment of the payment of the payment of the payment of the payment of the payment of the payment of the payment of the payment of the payment of the payment of the payment of the payment of the payment of the payment of the payment of the payment of the payment of the payment of the payment of the payment of the payment of the payment of the payment of the payment of the payment of the payment of the payment of the payment of the payment of the payment of the payment of the payment of the payment of the payment of the payment of the payment of the payment of the payment of the payment of the payment of the payment of the payment of the payment of the payment",
      "json_rows_response": "What does Cash and Cash Equivalents include?"
    },
    {
      "id": "e468fefad43b7620335b498ea941c4c0",
      "question": "What was the Cash and cash equivalents in 2019?",
      "gold_answer": [
        "$1,501.2"
      ],
      "markdown_table_response": "What was the Cash and cash equivalents in 2019?",
      "csv_string_response": "What was the Cash and Cash equivalents in 2019?",
      "json_rows_response": "[\n  {\n    \"\": \"2018\",\n    \"Year Ended December 31,\": \"2018\"\n  },\n  {\n    \"\": \"19.5\",\n    \"Year Ended December 31,\": \"19.5\"\n  },\n  {\n    \"\": \"19.8\",\n    \"Year Ended December 31,\": \"19.8\"\n  },\n  {\n    \"\": \"19.9\",\n    \"Year Ended December 31,\": \"19.9\"\n  },\n  {\n    \"\": \"19.9\",\n    \"Year Ended December 31,\": \"19.9\"\n  },\n  {\n    \"\": \"19.8\",\n    \"Year Ended December 31,\": \"19.8\"\n  },\n  {\n    \"\": \"19.9\",\n    \"Year Ended December 31,\": \"19.9\"\n  },\n  {\n    \"\": \"19.8\",\n    \"Year Ended December 31,\": \"19.8\"\n  },\n  {\n    \"\": \"19.9\",\n    \"Year Ended December"
    },
    {
      "id": "12cf3a1c59b97362f9d3a270158e7d13",
      "question": "What was the Restricted cash in 2017?",
      "gold_answer": [
        "152.8"
      ],
      "markdown_table_response": "What was the Restricted cash in 2017?",
      "csv_string_response": "It is the same as the above list of dates, amounts, and the present time.",
      "json_rows_response": "[\n  {\n    \"\": \"2017\",\n    \"Year Ended December 31,\": \"2018\"\n  },\n  {\n    \"\": \"2016\",\n    \"Year Ended December 31,\": \"2018\"\n  },\n  {\n    \"\": \"19.1\",\n    \"Year Ended December 31,\": \"19.2\"\n  },\n  {\n    \"\": \"19.3\",\n    \"Year Ended December 31,\": \"19.4\"\n  },\n  {\n    \"\": \"20.4\",\n    \"Year Ended December 31,\": \"19.5\"\n  },\n  {\n    \"\": \"20.4\",\n    \"Year Ended December 31,\": \"19.6\"\n  },\n  {\n    \"\": \"21.3\",\n    \"Year Ended December 31,\": \"19.8\"\n  },\n  {\n    \"\": \"22.2\",\n    \"Year Ended December 31,\": \"19.9\"\n  },\n  {\n    \"\": \"23.3\",\n    \"Year Ended December 31,\": \""
    },
    {
      "id": "3e5ce768bd22c7caf20f1d1aef8f5223",
      "question": "What was the change in Cash and cash equivalents between 2017 and 2018?",
      "gold_answer": 406.6,
      "markdown_table_response": "What was the change in Cash and cash equivalents between 2017 and 2018?",
      "csv_string_response": "What was the change in Cash and cash equivalents between 2017 and 2018?",
      "json_rows_response": "What is the change in Cash and cash equivalents between 2017 and 2018?"
    },
    {
      "id": "ea536b3ee6ad542b8ba6ac286f69708a",
      "question": "What was the change in restricted cash between 2018 and 2019?",
      "gold_answer": -19.4,
      "markdown_table_response": "How is the changed restricted cash between 2018 and 2019?",
      "csv_string_response": "What was the change in restricted cash between 2018 and 2019?",
      "json_rows_response": "The number of items in the Commission's Annual Report is held by the Commission on November 28, 2018."
    },
    {
      "id": "90fe2b41c9523249f82744554c978991",
      "question": "What was the percentage change in Total cash, cash equivalents and restricted cash between 2018 and 2019?",
      "gold_answer": 20.93,
      "markdown_table_response": "What was the percentage change in Cash and cash equivalents between the months of 2018 and 2019?",
      "csv_string_response": "How would the total cash cash be used in the Trading Post?",
      "json_rows_response": "What are the desired results and the results of this transaction?"
    },
    {
      "id": "9320ef50557cbf45266a37af7116ebfe",
      "question": "What is the topic of this note?",
      "gold_answer": [
        "Reconciliation of liabilities from financing activities"
      ],
      "markdown_table_response": "|  | Chapter  |\n| Chapter  |\n| Chapter  |\n| Chapter  |\n| Chapter  |\n| Chapter  |\n| Chapter  |\n| Chapter  |\n| Chapter  |\n| Chapter  |\n| Chapter  |\n| Chapter  |\n| Chapter  |\n| Chapter  |\n| Chapter  |\n| Chapter  |\n| Chapter  |\n| Chapter  |\n| Chapter  |\n| Chapter  |\n| Chapter  |\n| Chapter  |\n| Chapter  |\n| Chapter  |\n| Chapter  |\n| Chapter  |\n| Chapter  |\n| Chapter  |\n| Chapter  |\n| Chapter  |\n| Chapter  |\n| Chapter  |\n| Chapter  |\n| Chapter  |\n| Chapter  |\n| Chapter  |\n| Chapter  |\n| Chapter  |\n| Chapter  |\n| Chapter  |\n| Chapter  |\n| Chapter  |\n| Chapter  |\n| Chapter  |\n| Chapter  |\n| Chapter  |\n| Chapter  |\n| Chapter  |\n| Chapter  |\n| Chapter  |\n| Chapter  |",
      "csv_string_response": "1. What does the interest rate write on the loan, the interest rate, and the amount of interest paid on the loan?",
      "json_rows_response": "[\n  {\n    \"\": \"Stock up on equity\".\n    \"Bonds\": \"B$ Mil\",\n    \"Bank loans\": \"S$ Mil\",\n    \"Finance lease liabilities\": \"S$ Mil\",\n    \"Interest payable\": \"S$ Mil\",\n    \"Derivative financial instruments\": \"B$ Mil\",\n    \"Derivative financial instruments\": \"B$ Mil\",\n    \"Derivative financial instruments\": \"B$ Mil\",\n    \"Derivative financial instruments\": \"B$ Mil\",\n    \"Derivative financial instruments\": \"B$ Mil\",\n    \"Derivative financial instruments\": \"B$ Mil\",\n    \"Derivative financial instruments\": \"B$ Mil\",\n    \"Derivative financial instruments\": \"B$ Mil\",\n    \"Derivative financial instruments\": \"B$ Mil\",\n    \"Derivative financial instruments\": \"B$ Mil\",\n    \"Derivative financial instruments\": \"B$ Mil\",\n    \"Derivative financial instruments\": \"B$ Mil\",\n    \"Derivative financial instruments\": \"B$ Mil\",\n    \"Derivative financial instruments\": \"B$ Mil\","
    },
    {
      "id": "969b68fc6f6f25f342102d5f8f7319de",
      "question": " Which year does the information in the table relate to?",
      "gold_answer": [
        "2018"
      ],
      "markdown_table_response": "|  |\n|\n|\n|\n|\n|\n|\n|\n|\n|\n|\n|\n|\n|\n|\n|\n|\n|\n|\n|\n|\n|\n|\n|\n|\n|\n|\n|\n|\n|\n|\n|\n|\n|\n|\n|\n|\n|\n|\n|\n|\n|\n|\n|\n|\n|\n|\n|\n|\n|\n|\n|\n|\n|\n|\n|\n|\n|\n|\n|\n|\n|\n|\n|\n|\n|\n|\n|\n|\n|\n|\n|\n|\n|\n|\n|\n|\n|\n|\n|\n|\n|\n|\n|\n|\n|\n|\n|\n|\n|\n|\n|\n|\n|\n|\n|\n|\n|\n|\n|\n|\n|\n|\n|\n|\n|\n|\n|\n|\n|\n|\n|\n|\n|\n|\n|\n|\n|\n|\n|\n|\n|\n|\n|\n|\n|\n|",
      "csv_string_response": "As at 1 April 2017, the bank has executed a series of 3-digit numbers, a number of numbers in the bank's list of transactions, and a number of credit card payments.",
      "json_rows_response": "[\n  {\n    \"\": \"This payment is made on the payment of the total indebtedness\",\n    \"Bonds\": \"S$ Mil\",\n    \"Finance lease liabilities\": \"S$ Mil\",\n    \"Interest payable\": \"S$ Mil\",\n    \"Derivative financial instruments\": \"S$ Mil\",\n    \"Derivative financial instruments\": \"S$ Mil\",\n    \"Interest payable\": \"S$ Mil\",\n    \"Derivative financial instruments\": \"S$ Mil\",\n    \"Derivative financial instruments\": \"S$ Mil\",\n    \"Derivative financial instruments\": \"S$ Mil\",\n    \"Derivative financial instruments\": \"S$ Mil\",\n    \"Derivative financial instruments\": \"S$ Mil\",\n    \"Derivative financial instruments\": \"S$ Mil\",\n    \"Derivative financial instruments\": \"S$ Mil\",\n    \"Derivative financial instruments\": \"S$ Mil\",\n    \"Derivative financial instruments\": \"S$ Mil\",\n    \"Derivative financial instruments\": \"S$ Mil\",\n    \"Derivative financial instruments\": \"S$ Mil\",\n    \"Derivative"
    },
    {
      "id": "487d16d4c65d212490edf8096840da2d",
      "question": "What is included in the line item \"financing cash flows\"?",
      "gold_answer": [
        "The cash flows comprise the net amount of proceeds from borrowings and repayments of borrowings, net interest paid on borrowings, and settlement of swaps for bonds repaid in the statement of cash flows."
      ],
      "markdown_table_response": "Your question will be closed. It will be closed and will not be answered.",
      "csv_string_response": "Number of steps of the bank's financial instruments",
      "json_rows_response": "Question 6."
    },
    {
      "id": "94d099d8cf03272c4750a76ec5e42b8c",
      "question": "How many categories of liabilities are there?",
      "gold_answer": "5",
      "markdown_table_response": "If the balance of all the accounts is between $ 1.00 and $ 10.00, the balance of the accounts is between $ 1.00 and $ 10.00.",
      "csv_string_response": "The balance sheet consists of three questions:",
      "json_rows_response": "[\n  {\n    \"\": \"Income - 2018\",\n    \"Bonds\": \"8,726.6\",\n    \"Bank loans\": \"2,306.3\",\n    \"Finance lease liabilities\": \"S$ Mil\",\n    \"Interest payable\": \"S$ Mil\",\n    \"Derivative financial instruments\": \"41.5\",\n    \"Derivative financial instruments\": \"36.5\",\n    \"Interest payable\": \"S$ Mil\",\n    \"Derivative financial instruments\": \"31.3\",\n    \"Derivative financial instruments\": \"71.4\",\n    \"Interest payable\": \"S$ Mil\",\n    \"Derivative financial instruments\": \"83.6\",\n    \"Derivative financial instruments\": \"105.2\",\n    \"Derivative financial instruments\": \"126.8\",\n    \"Interest payable\": \"127.8\",\n    \"Derivative financial instruments\": \"19.6\",\n    \"Derivative financial instruments\": \"21.9\",\n    \"Derivative financial instruments\": \"85.9\",\n    \"Interest payable\": \"182.2\",\n    \"Derivative financial instruments"
    },
    {
      "id": "b0b1580d6fd9fc014e30a5f20a25df66",
      "question": "How many types of non-cash changes are there?",
      "gold_answer": "7",
      "markdown_table_response": "",
      "csv_string_response": "• **1)** This is a fixed amount, which is the amount of interest it has to pay for each debt. For example, the interest payable by a borrower may be greater than the interest payable by a borrower.",
      "json_rows_response": "[\n  {\n    \"\": \"Total\",\n    \"Bonds\": \"S$ Mil\",\n    \"Bank loans\": \"S$ Mil\",\n    \"Finance lease liabilities\": \"S$ Mil\",\n    \"Interest payable\": \"S$ Mil\",\n    \"Derivative financial instruments\": \"105.8\",\n    \"Derivative financial instruments\": \"105.8\",\n    \"Derivative financial instruments\": \"107.9\",\n    \"Derivative financial instruments\": \"107.8\",\n    \"Derivative financial instruments\": \"107.9\",\n    \"Derivative financial instruments\": \"107.8\",\n    \"Derivative financial instruments\": \"107.8\",\n    \"Derivative financial instruments\": \"107.9\",\n    \"Derivative financial instruments\": \"107.9\",\n    \"Derivative financial instruments\": \"107.9\",\n    \"Derivative financial instruments\": \"107.9\",\n    \"Derivative financial instruments\": \"107.8\",\n    \"Derivative financial instruments\": \"107.9\",\n    \"Derivative financial instruments\": \"107.8\",\n    \""
    },
    {
      "id": "efbf063ef0597846c5ddf3cc1b7b72e4",
      "question": "Which type of non-cash change has the largest impact in terms of the categories of liabilities that it affects?",
      "gold_answer": [
        "Foreign exchange movements"
      ],
      "markdown_table_response": "|  | Bonds | Bank loans | Finance lease liabilities | Interest payable | Derivative financial instruments |\n| --- | --- | --- | --- | --- |\n| Fee (e.g. $500.00) | - | - | - | - | 1.4 |\n| Fee (e.g. $500.00) | - | - | - | - | --- |\n| Note |  | - | - | - | - | - | --- |\n| Number of interest-per-month (d.m.s. $500.00) | - | - | - | - | 1.8 |\n| Amortisation of principal balance (e.g. $500.00) | - | - | - | - | 1.4 |\n| Fee (e.g. $500.00) | - | - | - | - | - | --- |\n| Interest expense | - | - | - | - | - | - | --- |\n| Interest expense | - | - | - | - | - | - | - | --- |\n| Fee (e.g. $500.00) | - | - | -",
      "csv_string_response": ",Bonds,Bank loans,Finance lease liabilities,Interest payable,Derivative financial instruments (2),Total",
      "json_rows_response": "1.  In the case of the lender, the lender changes its loans to their repayment of debt or, if the lender does not change, repayment of debts and/or liquidate the balance of the loan."
    },
    {
      "id": "107f1d63d192600d57e2f2e2a1573e24",
      "question": "What are the US$ values for 2015 to 2018 translated for?",
      "gold_answer": [
        "Translated for the convenience of the reader from euro into U.S. dollars at the Noon Buying Rate for converting euro into U.S. dollars on the dividend payment date."
      ],
      "markdown_table_response": "|  | Date of Year |  |\n| --- | --- | --- | --- |\n| Year Ended December 31, | € | US$ |\n| 2015 | 1.20 | 1.32 (1) |\n| 2015 | 1.30 | 1.35 (1) |\n| 2015 | 1.40 | 1.75 (1) |\n| 2015 | 1.50 | 1.58 (1) |\n| 2015 | 1.55 | 1.88 (1) |\n| 2015 | 1.75 | 1.67 (1) |\n| 2015 | 1.75 | 1.67 (1) |\n| 2015 | 1.50 | 1.67 (1) |\n| 2015 | 1.50 | 1.68 (1) |\n| 2015 | 1.60 | 1.74 (1) |\n| 2015 | 1.75 | 1.67 (1) |\n| 2015 | 1.75 | 1.67 (1) |\n| 2015 | 1.70 | 1.74 (1) |\n| 2015 | 1.75 | 1.67 (1) |\n| 2015 | 1.75 | 1.67 (1",
      "csv_string_response": ", \"Our first level of financial performance has been achieved from the value of USD 25,000 to USD 15,000 per year. This is the largest increase in the US$ in 2018, the largest increase in the world since the 1980s, and the second-highest of the three years since the '70s and '75s. These numbers increase significantly by 7% from the year 2000 to 2013, as the US$ is the largest increase in the world, and the fourth-highest annual increase in the world. The fiscal year 2013 amounts to US$1.5 billion, the second-highest annual increase in the world, and the fourth-highest annual increase in the world. This annual increase is also the largest increase in the world in terms of the United States$1.5 billion. This increase is the largest increase in the US$ of the year in terms of the United States$1.5 billion. The third-highest annual increase in the world, the fourth-highest annual increase in the world, the fourth-highest annual increase in the world, and the sixth-highest annual increase in the world.",
      "json_rows_response": "The final answer is based on the final payment of the expected returns of the Company."
    },
    {
      "id": "03579c594a67694969eec518db122b36",
      "question": "What is the US$ value for 2019 translated for?",
      "gold_answer": [
        "the convenience of the reader from euro into U.S. dollars at the Noon Buying Rate for converting euro into U.S. dollars on February 7, 2020 of US$1.0950 per €1.00"
      ],
      "markdown_table_response": "|  | Dividend Paid per Share |  |\n| --- | --- | --- |\n| Year Ended December 31, | € | US$ |\n| 2015 | 1.15 | 1.30 | 1.38 (1) |\n| 2015 | 1.15 | 1.38 | 1.50 (1) |\n| 2015 | 1.35 | 1.65 | 1.37 (1) |\n| 2015 | 1.50 | 1.68 | 1.37 (1) |\n| 2015 | 1.35 | 1.66 | 1.37 (1) |\n| 2015 | 1.30 | 1.58 | 1.37 (1) |\n| 2015 | 1.50 | 1.67 | 1.35 (1) |\n| 2015 | 1.35 | 1.66 | 1.37 (1) |\n| 2015 | 1.38 | 1.66 | 1.37 (1) |\n| 2015 | 1.38 | 1.65 | 1.37 (1) |\n| 2015 | 1.38 | 1.66 | 1.37 (1) |\n| 2015 | 1.47 | 1.53 |",
      "csv_string_response": ",Dividend Paid Per Ordinary Share,\n\"Year Ended December 31,\",€,US$\n2015,1.15,1.30 (1)\n2017,1.40,1.63 (1)",
      "json_rows_response": "[\n  {\n    \"\": \"1.30 (1)\",\n    \"Dividend Paid per Ordinary Share\": \"1.25 (1.75)\",\n    \"Dividend Paid per Ordinary Share\": \"1.35 (1.75)\",\n    \"Dividend Paid per Ordinary Share\": \"1.75\"\n  },\n  {\n    \"\": \"1.40 (1)\",\n    \"Dividend Paid per Ordinary Share\": \"1.35 (1.75)\",\n    \"Dividend Paid per Ordinary Share\": \"1.45 (1.75)\",\n    \"Dividend Paid per Ordinary Share\": \"1.35 (1.75)\",\n    \"Dividend Paid per Ordinary Share\": \"1.75\"\n  },\n  {\n    \"\": \"1.35 (1.75)\",\n    \"Dividend Paid per Ordinary Share\": \"1.35\"\n  },\n  {\n    \"\": \"1.40 (1.75)\",\n    \"Dividend Paid per Ordinary Share\": \"1.35 (1.75)\","
    },
    {
      "id": "f9e862f9f2b464041409f502e45d2c37",
      "question": "In which years is the Annual Dividends Paid and Proposed provided?",
      "gold_answer": [
        "2015",
        "2016",
        "2017",
        "2018",
        "2019"
      ],
      "markdown_table_response": "|  | ADR:  |  |\n| --- | --- | --- |\n| Year Ended December 31, | € | US$ |\n| 2015 | 1.45 | 1.35 | 1.65 |\n| 2016 | 1.5 | 1.50 | 1.68 |\n| 2017 | 1.65 | 1.74 | 1.88 |",
      "csv_string_response": ",\n\"Year Ended December 31,\"\n€,US$\n2015,1.15,1.30 (1)\n2016,1.25,1.37 (1)",
      "json_rows_response": "[\n  {\n    \"\": \"US$\",\n    \"Dividend Paid per Ordinary Share\": \"1.25\"\n  },\n  {\n    \"\": \"1.30 (1), (3)\",\n    \"Dividend Paid per Ordinary Share\": \"1.75\"\n  },\n  {\n    \"\": \"1.64 (1), (3)\",\n    \"Dividend Paid per Ordinary Share\": \"1.75\"\n  },\n  {\n    \"\": \"1.75 (1), (3)\",\n    \"Dividend Paid per Ordinary Share\": \"1.75\"\n  },\n  {\n    \"\": \"1.75 (2), (3)\",\n    \"Dividend Paid per Ordinary Share\": \"1.75\"\n  },\n  {\n    \"\": \"1.59 (1), (3)\",\n    \"Dividend Paid per Ordinary Share\": \"1.75\"\n  },\n  {\n    \"\": \"1.65 (1), (3)\",\n    \"Dividend Paid per Ordinary Share\": \"1."
    },
    {
      "id": "287698fe88f19a7fdff20525435ead5b",
      "question": "In which year was the dividend paid per ordinary share in € the largest?",
      "gold_answer": [
        "2019"
      ],
      "markdown_table_response": "|  | CER\n| --- | --- | --- |\n| Year Ended December 31, | € | US$ |\n| 2015 | 1.15 | 1.30 (1) |\n| 2015 | 1.35 | 1.55 (1) |\n| 2015 | 1.35 | 1.79 (1) |\n| 2015 | 1.50 | 1.79 (1) |\n| 2015 | 1.60 | 1.66 (1) |\n| 2015 | 1.50 | 1.69 (1) |\n| 2015 | 1.55 | 1.79 (1) |\n| 2015 | 1.75 | 1.62 (1) |\n| 2015 | 1.75 | 1.56 (1) |\n| 2015 | 1.95 | 1.57 (1) |\n| 2015 | 1.95 | 1.58 (1) |\n| 2015 | 1.95 | 1.63 (1) |\n| 2015 | 1.75 | 1.73 (1) |\n| 2015 | 1.75 | 1.73 (1) |\n| 2015 | 1.73 | 1.73 | 1.62 (1) |",
      "csv_string_response": "The annual dividend payment period is January 1, 2020.",
      "json_rows_response": "[\n  {\n    \"\": \"US$\",\n    \"Dividend Paid per Ordinary Share\": \"1.15 (1)\",\n    \"Dividend Paid per Ordinary Share\": \"1.15 (1)\",\n    \"Dividend Paid per Ordinary Share\": \"1.25 (1)\",\n    \"Dividend Paid per Ordinary Share\": \"1.25 (1)\",\n    \"Dividend Paid per Ordinary Share\": \"1.40 (1)\",\n    \"Dividend Paid per Ordinary Share\": \"1.25 (1)\",\n    \"Dividend Paid per Ordinary Share\": \"1.36 (1)\",\n    \"Dividend Paid per Ordinary Share\": \"1.05 (1)\",\n    \"Dividend Paid per Ordinary Share\": \"1.01 (1)\",\n    \"Dividend Paid per Ordinary Share\": \"1.12 (1)\",\n    \"Dividend Paid per Ordinary Share\": \"1.11 (1)\",\n    \"Dividend Paid per Ordinary Share\": \"1.10 (1)\",\n    \"D"
    },
    {
      "id": "ff6211402b4a547aff3f4197073e0423",
      "question": "What was the change in Dividend Paid per Ordinary Share in € in 2016 from 2015?",
      "gold_answer": 0.1,
      "markdown_table_response": "In the \"Item 5. Value and Other Derivatives\" tab, we have noted that the Company's impact on the aggregate cost of the annual dividends paid and the deduction for the interest on the dividend payments as a result of our recent policy changes and, if any, the Company's contribution to the dividend is offset by the additional expenses of the shareholder. For the purposes of this proposal, the Company is responsible for its own actions in the event of a new dividend payment, if any, that is attributable to the shareholder.",
      "csv_string_response": "What was the change in the aggregate annual dividends paid or proposed to be paid per ordinary share in respect of each of the years listed?",
      "json_rows_response": "If you are unable to answer the question, please do not hesitate to contact us. We appreciate your time and effort."
    },
    {
      "id": "6cf8ec5b621c2ad7848f6a65ac0063d5",
      "question": "What was the percentage change in Dividend Paid per Ordinary Share in € in 2016 from 2015?",
      "gold_answer": 8.7,
      "markdown_table_response": "The preferred answer for each of the above mentioned questions is the following:",
      "csv_string_response": "Yes, we have a specific question on this subject that we consider to be the largest question to answer. We also consider the question that was submitted to the Executive Board. If the question is submitted to the Executive Board, the answer may be one of the following:",
      "json_rows_response": "Question 1: Are you a member of the SAP SE corporate board of SAP SE at all?"
    },
    {
      "id": "5cf9d1ffc30dc6778c87af9ccfd7840b",
      "question": "What is the percentage increase in CTS sales in 2019?",
      "gold_answer": [
        "27%"
      ],
      "markdown_table_response": "Which of the following are the results of the CTS sales in 2019?",
      "csv_string_response": ",Fiscal 2019,Fiscal 2018,% Change\n,,(in millions),\nSales,$  849.8,$  671.7,27 %\nOperating income,77.2,60.4,28,50.4,46,\nAdjusted EBITDA,110.5,73.3,51",
      "json_rows_response": "Questions are answered in the comments section below."
    },
    {
      "id": "f57289cb36aad8d9f704b97368a28bcb",
      "question": "What resulted in the increase in the amortization of purchased intangibles included in the CTS operating results?",
      "gold_answer": [
        "amortization of purchased intangibles for companies acquired by CTS in fiscal year 2019."
      ],
      "markdown_table_response": "What led to the increase in the amortization of intangibles in the United States in the years to 2020?",
      "csv_string_response": "Is this the best method of selling intangibles?",
      "json_rows_response": "Amount of U.S. currency in 2019 was determined by the National Federation of State, County and Municipal Employees of the United States. In fiscal year 2019, the annual income of the United States was $9.9 million for 2019."
    },
    {
      "id": "c691cdcabce4c06d371dc5757b6c0a44",
      "question": "Which locations are responsible for driving the increase in sales in 2019?",
      "gold_answer": [
        "New York",
        "Boston",
        "San Francisco Bay Area",
        "Australia"
      ],
      "markdown_table_response": "|  |\n| ________________________ |\n| ---- | ----- |\n| **Input** |\n| ----- | ----- |\n| **Input** |\n| ----- | ----- |\n| **Output** |\n| ----- | ----- |\n| **Input** |\n| ----- | ----- |\n| **Output** |\n| ----- | ----- |\n| **Input** |\n| ----- | ----- | ----- |\n| **Output** |\n| ----- | ----- |\n| **Input** |\n| ----- | ----- | ----- |\n| **Output** |\n| ----- | ----- | ----- |\n| **Input** |\n| ----- | ----- |\n| **Output** |\n| ----- | ----- | ----- |\n| **Input** |\n| ----- | ----- | ----- |\n| **Output** |\n| ----- | ----- | ----- |\n| **Input** |\n| ----- | ----- | ----- |\n| **Output** |\n| ----- | ----- | ----- |\n| **Input** |\n| ----- | ----- | ----- | ----- |\n| **Output** |\n| ----- | ----- | ----- |\n| **Output** |\n| ----- | ----- | ----- |",
      "csv_string_response": ",Fiscal 2019,Fiscal 2018,% Change\n,,(in millions),\nSales,$  849.8,$  670.7,27 %\nOperating income,77.2,60.4,28\nAdjusted EBITDA,110.5,73.3,51",
      "json_rows_response": "[\n  {\n    \"Total\": \"61.2\",\n    \"Total\": \"61.2\",\n    \"Total\": \"61.2\",\n    \"Total\": \"61.2\",\n    \"Total\": \"61.2\",\n    \"Total\": \"61.2\",\n    \"Total\": \"61.2\",\n    \"Total\": \"61.2\",\n    \"Total\": \"61.2\",\n    \"Total\": \"61.2\",\n    \"Total\": \"61.2\",\n    \"Total\": \"61.2\",\n    \"Total\": \"61.2\",\n    \"Total\": \"61.2\",\n    \"Total\": \"61.2\",\n    \"Total\": \"61.2\",\n    \"Total\": \"61.2\",\n    \"Total\": \"61.2\",\n    \"Total\": \"61.2\",\n    \"Total\": \"61.2\",\n    \"Total\": \"61.2\",\n    \"Total\": \"61.2\",\n    \"Total\": \"61.2\",\n    \"Total\": \"61.2\",\n    \"Total\": \"61.2\","
    },
    {
      "id": "b4eea9ff6cbab8ca09b4e3ad98c064e1",
      "question": "How many items had a % change that is less than 50%?",
      "gold_answer": "2",
      "markdown_table_response": "|  | Fiscal 2019 | Fiscal 2018 | % Change |\n| --- | --- | --- | --- | --- |\n|  |  | (in millions) |  |\n| Sales | $  649.8 | $  670.7 | 27 % |\n| Operating income | 77.2 | 60.4 | 56.3 |\n| Adjusted EBITDA | 110.5 | 73.3 | 51 |\n| Operating income | 77.2 | 60.4 | 57.1 |\n| Adjusted EBITDA | 110.5 | 73.3 | 51 |\n| Operating income | 78.2 | 60.4 | 56.9 |\n| Adjusted EBITDA | 110.5 | 73.3 | 51 |\n| Operating income | 77.2 | 60.4 | 56.3 |\n| Adjusted EBITDA | 110.5 | 73.3 | 51 |\n| Operating income | 77.2 | 60.4 | 56.3 |\n| Adjusted EBITDA | 110.5 | 73.3 | 51 |\n| Operating income | 77.2 | 60.4 | 57.8 |\n| Adjusted E",
      "csv_string_response": "The answer, which represents a small percentage of the total number of items, is an over-all question and answers must be answered in order to be used to determine the correct answer. The answer must be answered in the affirmative, so that the correct answer is an affirmative.",
      "json_rows_response": "The following answers provide a feedback to the consumer and provide a feedback to the consumer about the purchase of new items:"
    },
    {
      "id": "382db12a3a49ded71cc3f7e3924f8636",
      "question": "What is the change in Adjusted EBITDA from 2018 to 2019?",
      "gold_answer": 37.2,
      "markdown_table_response": "Yes\nYes\nNo\nNo\nYes\nNo\nNo\nNo\nNo\nNo\nNo\nNo\nNo\nNo\nNo\nNo\nNo\nNo\nNo\nNo\nNo\nNo\nNo\nNo\nNo\nNo\nNo\nNo\nNo\nNo\nNo\nNo\nNo\nNo\nNo\nNo\nNo\nNo\nNo\nNo\nNo\nNo\nNo\nNo\nNo\nNo\nNo\nNo\nNo\nNo\nNo\nNo\nNo\nNo\nNo\nNo\nNo\nNo\nNo\nNo\nNo\nNo\nNo\nNo\nNo\nNo\nNo\nNo\nNo\nNo\nNo\nNo\nNo\nNo\nNo\nNo\nNo\nNo\nNo\nNo\nNo\nNo\nNo\nNo\nNo\nNo\nNo\nNo\nNo\nNo\nNo\nNo\nNo\nNo\nNo\nNo\nNo\nNo\nNo\nNo\nNo\nNo\nNo\nNo\nNo\nNo\nNo\nNo\nNo\nNo\nNo\nNo\nNo\nNo\nNo\nNo\nNo\nNo\nNo\nNo\nNo\nNo\nNo\nNo\nNo\nNo\nNo\nNo",
      "csv_string_response": ",Fiscal 2019,Fiscal 2018,% Change\n,,(in millions),\nSales,$  849.8,$  670.7,27 %\nOperating income,77.2,60.4,28\nAdjusted EBITDA,110.5,73.3,51",
      "json_rows_response": "This answer is a duplicate of this answer, but it is not a duplicate."
    },
    {
      "id": "0372329c6901d9328da3b462417969ef",
      "question": "What is the average annual operating income in 2018 and 2019?",
      "gold_answer": 68.8,
      "markdown_table_response": "Who is the average annual operating income in 2018 and 2019?",
      "csv_string_response": ",Fiscal 2019,Fiscal 2018,% Change\n,,(in millions),\nSales,$  849.8,$  670.7,27 %\nOperating income,77.2,60.4,28\nAdjusted EBITDA,110.5,73.3,51",
      "json_rows_response": "**Input**"
    },
    {
      "id": "dacba996238131f4c27a870ce866bc31",
      "question": "How much did net sales change between 2017 and 2018?",
      "gold_answer": [
        "19.7"
      ],
      "markdown_table_response": "|  | Number of items | Percentage of net sales | Net sales, operating income (loss) | Net sales |\n| --- | --- | --- | --- | --- |\n| --- | No significant change in net sales in 2017 or 2018 |\n| --- | --- | --- | --- | --- | --- | --- |\n| --- | --- | No significant change in net sales in 2017 or 2018 |\n| --- | --- | --- | --- | --- | --- | --- |\n| --- | --- | No significant change in net sales in 2017 or 2018 |\n| --- | --- | --- | --- | --- | --- | --- | --- | --- |\n| --- | --- | No significant change in net sales in 2017 or 2018 |\n| --- | --- | --- | --- | --- | --- | --- | --- | --- |\n| --- | --- | No significant change in net sales in 2017 or 2018 |\n| --- | --- | --- | --- | --- | --- | --- | --- |\n| --- | --- | --- | --- | --- | --- | --- | --- |\n| --- | --- | No significant change in net sales in 2017 or 2018 |\n| --- | --- | --- | --- | --- |",
      "csv_string_response": "$3.7 million in fiscal year 2018 and 2017 adjusted due to the adoption of ASC 606\nNet sales of $6.2 million in fiscal year 2018 increased $10.7 million from $7.1 million in fiscal year 2018 and 2017 adjusted due to the adoption of ASC 606\nNet sales of $1.2 million in fiscal year 2018 improved $6.1 million from $7.3 million in fiscal year 2017. The increase was primarily driven by an increase in net sales in the OEM channel of the EMEA region and a $3.4 million increase in the EMS channel across the Americas, EMEA, and APAC regions. These increases were partially offset by a decrease in net sales in the OEM channel of the EMEA region and a $0.6 million increase in SG&A expenses, a $0.6 million increase in EMEA regions, a $0.7 million increase in the OEM channel across the Americas, EMEA, and APAC regions. These increases were partially offset by a decrease in net sales of $1.2 million in the OEM channel across the Americas, EMEA, and APAC regions. These increases were partially offset by a decrease in net sales of",
      "json_rows_response": "[\n  {\n    \"\": \"$75,749,946,206,946,946,946,946,946,946,946,946,946,946,946,946,946,946,946,946,946,946,946,946,946,946,946,946,946,946,946,946,946,946,946,946,946,946,946,946,946,946,946,946,946,946,946,946,946,946,946,946,946,946,946,946,946,946,946,946,946,946,946,946,946,946,946,946,946,946,946,946,946,946,946,946,946,946,946,946,946,946,946"
    },
    {
      "id": "bc0f5dc715ed31d9471b37d2dcbb5a99",
      "question": "How much did segment operating income change between 2017 and 2018?",
      "gold_answer": [
        "12.7"
      ],
      "markdown_table_response": "How much do segments revenue increase between 2018 and 2017?",
      "csv_string_response": ",How much did segment operating income change between 2017 and 2018?",
      "json_rows_response": "We used the default assumption model of the \"Agency\" model in the table below which segment operating income was calculated. We then converted the income into a difference (ASC) formula for the net income, $9.9 million of operating loss. The difference is defined as the ratio of the total income for the segment operating income minus the total income of the segment income."
    },
    {
      "id": "720e234d5d8c898464ab864a2f524fff",
      "question": "What was the amount of net sales in 2017?",
      "gold_answer": [
        "182,228"
      ],
      "markdown_table_response": "|  | Total |\n| --- | --- | --- | --- | --- |\n| --- | --- | --- | --- |\n| --- | --- | --- | --- |\n| --- | --- | --- | --- |\n| --- | --- | --- | --- |\n| --- | --- | --- | --- | --- |\n| --- | --- | --- | --- | --- |\n| --- | --- | --- | --- | --- |\n| --- | --- | --- | --- | --- | --- |\n| --- | --- | --- | --- | --- |\n| --- | --- | --- | --- | --- | --- |\n| --- | --- | --- | --- | --- | --- |\n| --- | --- | --- | --- | --- | --- |\n| --- | --- | --- | --- | --- | --- |\n| --- | --- | --- | --- | --- | --- | --- |\n| --- | --- | --- | --- | --- | --- |\n| --- | --- | --- | --- | --- | --- | --- |\n| --- | --- | --- | --- | --- | --- | --- |\n| --- | --- | --- | --- | --- | --- | --- | --- |",
      "csv_string_response": ",The following questions are answered in the following format:",
      "json_rows_response": "What was the net sales in 2017?"
    },
    {
      "id": "05eb4bf6b50c8375b2e6cf3416e4b419",
      "question": "How many years did net sales exceed $200,000 thousand?",
      "gold_answer": "1",
      "markdown_table_response": "If the current fiscal year 2018, the net sales increased by $6.8 million, and the OEM channel increased by $6.6 million, or 6.4% of the net sales, the number of net sales increased by $4.3 million and the OEM channel increased by $3.3 million, or 5.1% of the net sales.",
      "csv_string_response": "Let's assume that the cost of operating income (loss) in the OEM channel for the fiscal year 2018, the total of all the expenses to be net sales of $1.2 million in the OEM channel in the year 2018 (including $2.7 million in the OEM channel across the Americas, APAC, and JPKO regions, and $1.2 million in the JPKO region), is $2.7 million. The OEM channel increased net sales of $2.7 million from the OEM channel across the Americas and increased from $3.4 million to $6.4 million on the write down, a reduction in net sales in the OEM channel of the EMEA region and a decrease in net sales of $1.5 million in the JPKO region.",
      "json_rows_response": "By the end of 2017, net sales were $99,000, of the year operating income (loss) and net sales were $171,977."
    },
    {
      "id": "a703b7c0fb243ce725337407faac5266",
      "question": "What was the change in the percentage to net sales for segment operating income (loss) between 2017 and 2018?",
      "gold_answer": 6.8,
      "markdown_table_response": "What was the change in the percentage to net sales for segment operating income (loss) between 2017 and 2018?",
      "csv_string_response": ",The specific question was:",
      "json_rows_response": "Question:\nWhat was the change in the percentage to net sales for segment operating income (loss) between 2017 and 2018?"
    }
  ],
  "total_prompts": 300,
  "total_responses": 900,
  "processing_time": 13.605494499206543,
  "inference_engine": "vLLM"
}