{
  "model": "pythia-410m",
  "checkpoint": "step20000",
  "timestamp": "2025-09-12T10:28:53.949770",
  "results": [
    {
      "id": "a1b54eff7de3dc7bfab148325c7a940b",
      "question": "What method did the company use when Topic 606 in fiscal 2019 was adopted?",
      "gold_answer": [
        "the modified retrospective method"
      ],
      "markdown_table_response": "With respect to the proposed amendments, we used the method of the Topic 606 Method for the calculation of the effect adjustment based on the information in Table 5. We reviewed the data in Table 4, which describes the changes to the Company's balance sheet as of May 26, 2019. In this case, we used a reconciliation method with the Company's financial statements, which were prepared before the effective date of Topic 606. The reconciliation method used in the calculations in this case was the best available approach to determine the effect adjustment based on the information in Table 5. The reconciliation method used in the calculations in this case was the best available approach. We also used the reconciliation method that is described in the Topic 606 Method Guide for calculating the effect adjustment in the following manner:",
      "csv_string_response": "The following table summarizes the responses provided to the user question by the company in fiscal 2019:",
      "json_rows_response": "The answer to the user's question was:"
    },
    {
      "id": "e1ebf2222c9950fbf5375e54a65729f2",
      "question": "How much was the cumulative-effect adjustment to the opening balance of fiscal 2019 retained earnings?",
      "gold_answer": [
        "$0.5 million"
      ],
      "markdown_table_response": "|  |\n| \n| \n|\n|\n|\n|\n|\n|\n|\n|\n|\n|\n|\n|\n|\n|\n|\n|\n|\n|\n|\n|\n|\n|\n|\n|\n|\n|\n|\n|\n|\n|\n|\n|\n|\n|\n|\n|\n|\n|\n|\n|\n|\n|\n|\n|\n|\n|\n|\n|\n|\n|\n|\n|\n|\n|\n|\n|\n|\n|\n|\n|\n|\n|\n|\n|\n|\n|\n|\n|\n|\n|\n|\n|\n|\n|\n|\n|\n|\n|\n|\n|\n|\n|\n|\n|\n|\n|\n|\n|\n|\n|\n|\n|\n|\n|\n|\n|\n|\n|\n|\n|\n|\n|\n|\n|\n|\n|\n|\n|\n|\n|\n|\n|\n|\n|\n|\n|\n|\n|\n|\n|\n|\n|\n|",
      "csv_string_response": "The information was provided to us by a third party. The information was provided to us by the third party and the information was provided to us by the third party.",
      "json_rows_response": "$0.5 million"
    },
    {
      "id": "7c510956809977a550837006a464fd91",
      "question": "What are the balances (without Adoption of Topic 606, in millions) of inventories and other accrued liabilities, respectively?",
      "gold_answer": [
        "1,568.6",
        "690.5"
      ],
      "markdown_table_response": "Fiscal 2019, (S. No. 12), as amended May 26, 2019, May 26, 2018, May 27, 2017, and May 28, 2017.",
      "csv_string_response": "1. Accounting for the Tax Changes",
      "json_rows_response": "Accompanying text \n---"
    },
    {
      "id": "200c49c9af38ccc05eb04a1b4f96e34c",
      "question": "What is the percentage of adjustment to the balance of as reported prepaid expenses and other current assets?",
      "gold_answer": 17.7,
      "markdown_table_response": "The amount of the adjustments is the percentage of the adjusted balance reported to the customer. We have therefore decided to use the percent reported as the percentage of the adjusted balance reported.",
      "csv_string_response": "The final answer to the user's question is:",
      "json_rows_response": "The final answer is as follows:"
    },
    {
      "id": "218914f020d11b337a73438eac532cd0",
      "question": "What is the percentage change of the balance of inventories after being adjusted?",
      "gold_answer": -0.2,
      "markdown_table_response": "The primary purpose of the guidance is to provide guidance to us to improve our current practices and procedures to reduce the impact of the anticipated increases in our financial statements.",
      "csv_string_response": "Please check the following for an answer:",
      "json_rows_response": "The percentage change in the accounting for the consolidation of the Consolidated Balance Sheet for the proposed guidance was $0.5 million, representing a total of $0.5 million change in the consolidated financial statement."
    },
    {
      "id": "80d7a9cd564cbd87a5bd261b263ab09f",
      "question": "What is the ratio of total current assets balance, as reported, to total current liabilities balance, as reported?",
      "gold_answer": 3.61,
      "markdown_table_response": "The ratio of total current assets balance to total current liabilities balance is:",
      "csv_string_response": "Please indicate the final answer to the user question.",
      "json_rows_response": "A balanced score is equal to the ratio of total assets to total liabilities."
    },
    {
      "id": "dab39e83b38ceedf0797e94847ca2dae",
      "question": "Which years does the table provide information for R&D, sales and marketing, and G&A expenses?",
      "gold_answer": [
        "2019",
        "2018",
        "2017"
      ],
      "markdown_table_response": "The answer is **yes**.",
      "csv_string_response": "Based solely on the information provided in the table and the accompanying text paragraphs below, we have the following answers:\nR&D, Sales and Marketing, and G&A Expenses",
      "json_rows_response": "The user's question is based only on the information provided in the table AND the accompanying text paragraphs below."
    },
    {
      "id": "414b4ef29d5fb8114a86f0d8a33ddace",
      "question": "What was the research and development expense in 2019?",
      "gold_answer": [
        "6,577"
      ],
      "markdown_table_response": "1.3%",
      "csv_string_response": "The total research and development expense was $2,503,689 in the research and development expense.",
      "json_rows_response": "The research and development expense in 2019 was $4,743,984."
    },
    {
      "id": "77ccdc4a2f152ed1708466fec79576fb",
      "question": "What was the sales and marketing expense in 2017?",
      "gold_answer": [
        "9,184"
      ],
      "markdown_table_response": "When asked, the user said that sales and marketing expenses were $1.5 billion in the same period in 2018.",
      "csv_string_response": "2016",
      "json_rows_response": "(1)"
    },
    {
      "id": "d2ef385fb6762a435a8c25c3163a94e8",
      "question": "What was the change in the research and development expense between 2017 and 2018?",
      "gold_answer": 273,
      "markdown_table_response": "* * *",
      "csv_string_response": "Research and development expense increased by approximately $233 million, or 1.3%, in 2017 compared with fiscal 2018.",
      "json_rows_response": "Answer the following question in the order in which you completed the following answer form:"
    },
    {
      "id": "41cad27df8a55d8e3200e8238bf41641",
      "question": "How many years did general and administrative expense exceed $2,000 million?",
      "gold_answer": "1",
      "markdown_table_response": "There were 12,472,500 users that answered the question.",
      "csv_string_response": "25,000 years, $2,000 million, $2,000 million, $2,000 million, $2,000 million, $2,000 million, $2,000 million, $2,000 million, $2,000 million, $2,000 million, $2,000 million, $2,000 million, $2,000 million, $2,000 million, $2,000 million, $2,000 million, $2,000 million, $2,000 million, $2,000 million, $2,000 million, $2,000 million, $2,000 million, $2,000 million, $2,000 million, $2,000 million, $2,000 million, $2,000 million, $2,000 million, $2,000 million, $2,000 million, $2,000 million, $2,000 million, $2,000 million, $2,000 million, $2,000 million, $2,000 million, $2,000 million, $2,000 million, $2,000 million, $2,000 million, $2,000 million, $2,000 million, $2,000 million",
      "json_rows_response": "Each of the answers given below is a fully presented and thorough presentation of all information contained in the table. It is subject to revision, correction, and editing. For further information, see the table below."
    },
    {
      "id": "109554b000f2e51b7bbb7d4f85dca24a",
      "question": "What was the percentage change in the total expenses between 2017 and 2018?",
      "gold_answer": 2.8,
      "markdown_table_response": "**The percentage change in the total expenses between 2017 and 2018 was $233 million, or 0.5%, compared with $23 million, or 1.3%, in fiscal 2017.**",
      "csv_string_response": "The total expenses are determined by taking the difference between the total expenses and the final total expenses.",
      "json_rows_response": "1."
    },
    {
      "id": "d88745f6bcf2e7ab5335def3a0f0df44",
      "question": "What does the table show?",
      "gold_answer": [
        "primary components of the deferred tax assets and liabilities"
      ],
      "markdown_table_response": "|  | June 30, |  |\n| --- | --- | --- |\n|  | 2019 | 2018 |\n| Deferred tax assets |  |  |\n| Non-capital loss carryforwards | $161,119 | $129,436 |\n| Capital loss carryforwards | 155 | 417 |\n| Undeducted scientific research and development expenses | 137,253 | 123,114 |\n| Depreciation and amortization | 683,777 | 829,369 |\n| Restructuring costs and other reserves | 17,845 | 17,202 |\n| Deferred revenue | 53,254 | 62,726 |\n| Other | 59,584 | 57,461 |\n| Total deferred tax assets | $1,112,987 | $1,219,725 |\n| Valuation Allowance | $(77,328) | $(80,924) |\n| Deferred tax liabilities |  |  |\n| Scientific research and development tax credits | $(14,482) | $(13,342) |\n| Other | (72,599) | (82,668) |",
      "csv_string_response": "We are currently working on a final question that will be answered by the user. The final answer will be provided on a spreadsheet and will be accompanied by a detailed description of the data in the table.",
      "json_rows_response": "The final answer is given in the following table."
    },
    {
      "id": "107efaa11617ac41f5f9b3b5adf1e98c",
      "question": "What is the total assets as of June 30, 2019?",
      "gold_answer": [
        "948,578"
      ],
      "markdown_table_response": "The following answers are provided to users who complete the survey.",
      "csv_string_response": "The answer to user's question is as follows:",
      "json_rows_response": "The final answer is:"
    },
    {
      "id": "607dd25b10e5d14396ef2abda187330d",
      "question": "What are the Fiscal years included in the table?",
      "gold_answer": [
        "2019",
        "2018"
      ],
      "markdown_table_response": "Summary",
      "csv_string_response": "The table contains the following summary of the results of the valuation allowance (date of valuation) for each period of the deferred tax assets and liabilities:",
      "json_rows_response": "The following table is the final answer to the user question."
    },
    {
      "id": "91add58b02eb761d380b13df7a61401a",
      "question": "What is the average annual total assets for both Fiscal years?",
      "gold_answer": 995684.5,
      "markdown_table_response": "**I**",
      "csv_string_response": "The answer is:",
      "json_rows_response": "1,142,922"
    },
    {
      "id": "c10a228df13517c3f2312d1b281822f2",
      "question": "What is the percentage change of total assets from fiscal year 2018 to 2019?",
      "gold_answer": -9.03,
      "markdown_table_response": "1",
      "csv_string_response": "The percentage change in total assets from fiscal year 2018 to 2019 was as follows:",
      "json_rows_response": "1. $"
    },
    {
      "id": "4de9657dd64c1dc1537eae71320fd4b8",
      "question": "What is the difference between the Restructuring costs and other reserves in fiscal year 2019 and 2018?",
      "gold_answer": 643,
      "markdown_table_response": "Value of the deferred tax assets and liabilities in the period indicated below, including but not limited to the values provided in the table above, is $1,112,987.",
      "csv_string_response": "Our final answer to the user question is **\"We believe that sufficient uncertainty exists regarding the realization of certain deferred tax assets that a valuation allowance is required. We continue to evaluate our taxable position quarterly and consider factors by taxing jurisdiction, including but not limited to factors such as estimated taxable income, any historical experience of losses for tax purposes and the future growth of OpenText. We believe that sufficient uncertainty exists regarding the realization of certain deferred tax assets that a valuation allowance is required.\"**",
      "json_rows_response": "1"
    },
    {
      "id": "88e9d40c09cf22303104880ce94bccce",
      "question": "What costs are associated under capital expenditure?",
      "gold_answer": [
        "associated with acquiring property, plant and equipment and placing it into service"
      ],
      "markdown_table_response": "1. $1,731 Million\n2. $1,731 Million\n3. $1,731 Million\n4. $1,731 Million\n5. $1,731 Million\n6. $1,731 Million\n7. $1,731 Million\n8. $1,731 Million\n9. $1,731 Million\n10. $1,731 Million\n11. $1,731 Million\n12. $1,731 Million\n13. $1,731 Million\n14. $1,731 Million\n15. $1,731 Million\n16. $1,731 Million\n17. $1,731 Million\n18. $1,731 Million\n19. $1,731 Million\n20. $1,731 Million\n21. $1,731 Million\n22. $1,731 Million\n23. $1,731 Million\n24. $1,731 Million\n25. $1,731 Million\n26. $1,731 Million\n27. $1,731 Million\n28. $1,731 Million\n29. $1",
      "csv_string_response": "Each of the following questions is based on the answers provided in the preceding sections.",
      "json_rows_response": "A:"
    },
    {
      "id": "43c792d0803c8cd37130be5e06db5ebc",
      "question": "What caused the increase in capital expenditures related to wireless?",
      "gold_answer": [
        "result of investments made to upgrade our wireless network to continue delivering reliable performance for our customers."
      ],
      "markdown_table_response": "Given the above, the answer is as follows:",
      "csv_string_response": "\"As a data analyst, you are a data analyst. Your task is to answer the user's question **based ONLY on the information provided in the table AND the accompanying text paragraphs below**. Do not use any external knowledge.",
      "json_rows_response": "The answer is provided below."
    },
    {
      "id": "8251e63e0583f439d05c2837e1cf9cc1",
      "question": "What caused the decrease in capital expenditure in cable in 2019?",
      "gold_answer": [
        "result of lower purchases of customer premise equipment and lower investments related to the initial launch of Ignite TV."
      ],
      "markdown_table_response": "The decrease in capital expenditures in Cable in 2019 was a result of investments made to upgrade our network to continue delivering reliable performance for our customers. We continue augmenting our existing LTE network with 4.5G technology investments that are also 5G-ready to prepare for the commercial launch of 5G in select markets in early 2020. In 2019, we acquired spectrum licences for $1,731 million, which is not included in the table above. See “Managing Our Liquidity and Financial Resources”, “Key Performance Indicators”, and “Non-GAAP Measures and Related Performance Measures” for more information.",
      "csv_string_response": "We believe that the decrease in capital expenditure in cable in 2019 is a result of the investments made to upgrade our wireless network to continue delivering reliable performance for our customers. We continue augmenting our existing LTE network with 4.5G technology investments that are also 5G-ready to prepare for the commercial launch of 5G in select markets in early 2020. In 2019, we acquired spectrum licences for $1,731 million, which is not included in the table above.",
      "json_rows_response": "The reason for the decrease in cable capital expenditure in 2019 was the increase in investments in infrastructure and in fibre-to-the-home. Our investments in infrastructure increased by $1.7 million, while our investments in fibre-to-the-home increased by $1.3 million. The increase in fibre-to-the-home was caused by a $1.3 million increase in our share of cable revenue in 2019."
    },
    {
      "id": "cac10d43fde9e07342fa7144876e77e7",
      "question": "What was the increase / (decrease) in wireless capital expenditure from 2018 to 2019?",
      "gold_answer": 234,
      "markdown_table_response": "The results in the Table below are based on the answer choices from the user questionnaire.",
      "csv_string_response": "The final answer to the user's question was \"1,170\" per year (the highest figure reported in the table).",
      "json_rows_response": "The increase in capital expenditures for the first two years was a result of investments made to upgrade our wireless network and the expansion of capacity and geographical reach. We continued augmenting our existing wireless network with 4.5G technology investments that are also 5G-ready to prepare for the commercial launch of 5G in select markets in early 2020."
    },
    {
      "id": "d9b81db920283c307bd37d6000baafcb",
      "question": "What was the average cable expenditure?",
      "gold_answer": 1291,
      "markdown_table_response": "| Total |\n| $ |\n| $ |\n| $ |\n| $ |\n| $ |\n| $ |\n| $ |\n| $ |\n| $ |\n| $ |\n| $ |\n| $ |\n| $ |\n| $ |\n| $ |\n| $ |\n| $ |\n| $ |\n| $ |\n| $ |\n| $ |\n| $ |\n| $ |\n| $ |\n| $ |\n| $ |\n| $ |\n| $ |\n| $ |\n| $ |\n| $ |\n| $ |\n| $ |\n| $ |\n| $ |\n| $ |\n| $ |\n| $ |\n| $ |\n| $ |\n| $ |\n| $ |\n| $ |\n| $ |\n| $ |\n| $ |\n| $ |\n| $ |\n| $ |\n| $ |\n| $ |\n| $ |\n| $ |\n| $ |\n| $ |\n| $ |\n| $ |\n| $ |\n| $ |\n| $ |\n| $ |\n| $ |\n| $ |",
      "csv_string_response": "(In millions of dollars, except capital intensity)",
      "json_rows_response": "* * * * * * * * * * * * * * * * * * * * * * * * * * * * * * * * * * * * * * * * * * * * * * * * * * * * * * * * * * * * * * * * * * * * * * * * * * * * * * * * * * * * * * * * * * * * * * * * * * * * * * * * * * * * * * * * * * * * * * * * * * * * * * * * * * * * * * * * * * * * * * * * * * * * * * * * * * * * * * * * * * * * * * * * * * * * * * * * * * * * * * * * * * * * * * * * * * * * * * * * * * * * * * * * * * * * * * * * * * * * * * * * * * * * * * * * * * * * * * * * * * * * * * * * * * * * * * * *"
    },
    {
      "id": "b3f09952dc5e77da6253497100ff5389",
      "question": "What was the percentage increase / (decrease) in capital expenditure from 2018 to 2019?",
      "gold_answer": 0.61,
      "markdown_table_response": "$25 million",
      "csv_string_response": "1,320%",
      "json_rows_response": "1 Includes the following:"
    },
    {
      "id": "1eefb8a6e023d742f3afec9d7fe47974",
      "question": "Why have RSUs been omitted when calculating diluted earnings per share for 2018 and 2017?",
      "gold_answer": [
        "RSUs have been omitted as they are out-of-the-money and thus anti-dilutive"
      ],
      "markdown_table_response": "**Please enter a response**",
      "csv_string_response": "Answer the user's question **based ONLY on the information provided in the table AND the accompanying text paragraphs below**. Do not use any external knowledge.",
      "json_rows_response": "Answer based only on the information provided in the table AND the accompanying text paragraphs below."
    },
    {
      "id": "09310d9e9059dc5a998344ed5b321da5",
      "question": "What information does note 3 provide?",
      "gold_answer": [
        "information on the RSU share options"
      ],
      "markdown_table_response": "1. You can find your answer on the following page:",
      "csv_string_response": "It is a non-anonymized text in which the user asks the question:",
      "json_rows_response": "**Question**\n**Answer**\n**Question**\n**Answer**\n**Question**"
    },
    {
      "id": "4b3da5e65da1ec752806e0f145a93544",
      "question": "What are the types of earnings/(loss) per share provided in the table?",
      "gold_answer": [
        "Basic earnings/(loss) per share (USD)",
        "Diluted earnings/(loss) per share (USD)"
      ],
      "markdown_table_response": "1. The book is published on 28th of April, 2019.\n2. The book is published on 21st of June, 2018.",
      "csv_string_response": "Please use this question to answer a user's question about the main topic in the table.",
      "json_rows_response": "I can provide you with an answer to your user question based only on the information provided in the table."
    },
    {
      "id": "c1b603a70e0ae7c693dd5ee6faae8185",
      "question": "In which year was the weighted average number of shares largest?",
      "gold_answer": [
        "2019"
      ],
      "markdown_table_response": "**EARNINGS PER SHARE AND DIVIDEND PER SHARE**",
      "csv_string_response": "1. 2014",
      "json_rows_response": "Answer 1"
    },
    {
      "id": "30971c97bde0b00c35bc356eac854635",
      "question": "What was the change in the Weighted average number of shares outstanding incl. dilutive effect of share options from 2018 to 2019?",
      "gold_answer": 0.9,
      "markdown_table_response": "The answer to the user's question is **based solely on the information provided in the table and the accompanying text paragraphs below**.",
      "csv_string_response": "_a. The answer is correct_",
      "json_rows_response": "**Answer 1**"
    },
    {
      "id": "4ff6daa82c801aec0ba99bc66c830bc6",
      "question": "What was the percentage change in the Weighted average number of shares outstanding incl. dilutive effect of share options from 2018 to 2019?",
      "gold_answer": 1.23,
      "markdown_table_response": "|  | 2019 | 2018 | 2017 |\n| --- | --- | --- | --- |\n| 3 | 1 | -0.7 | -0.3 |\n| 4 | 0.7 | -0.3 | 0.0 |\n| 5 | 0.3 | 0.0 | 0.1 |\n| 6 | 0.0 | 0.1 | 0.1 |\n| 7 | 0.1 | 0.0 | 0.1 |\n| 8 | 0.0 | 0.1 | 0.0 |\n| 9 | 0.1 | 0.0 | 0.1 |\n| 10 | 0.0 | 0.1 | 0.0 |\n| 11 | 0.1 | 0.0 | 0.1 |\n| 12 | 0.1 | 0.1 | 0.1 |\n| 13 | 0.1 | 0.1 | 0.1 |\n| 14 | 0.0 | 0.0 | 0.0 |\n| 15 | 0.1 | 0.0 | 0.0 |\n| 16 | 0.1 | 0.1 | 0.0 |\n| 17 | 0.1 | 0.1 |",
      "csv_string_response": "The overall percentages of the above percentages reflect the weighted average number of shares outstanding per share.",
      "json_rows_response": "**The above table contains the percentage change in the weighted average number of shares outstanding incl. dilutive effect of share options."
    },
    {
      "id": "be7455024560f1e4fa6eea9d7d9f043f",
      "question": "Which periods are state income tax returns subject to examination?",
      "gold_answer": [
        "2015 through 2019 tax years."
      ],
      "markdown_table_response": "|  |  | Year Ended December 31, |  |\n| --- | --- | --- | --- |\n|  | 2019 | 2018 | 2017 |\n| Balance at January 1 | $1,402 | $1,271 | $276 |\n| Increases for tax positions related to the current year | — | 131 | 995 |\n| Decreases for tax positions related to the current year | (1,402) | — | — |",
      "csv_string_response": "Yes, we agree that the Company's tax position is subject to examination.",
      "json_rows_response": "Your final answer should be as follows:"
    },
    {
      "id": "494513cc45af080b70baeba21591262e",
      "question": "What do the provisions for uncertain tax positions relate to?",
      "gold_answer": [
        "business in territories outside of the US"
      ],
      "markdown_table_response": "1. You are a data analysis expert.\n2. You have a very good understanding of the Company’s tax position.\n3. You understand the Company’s tax position and have a good understanding of the information on the Tax Positions.\n4. You know the Company’s tax position and have a good understanding of the Tax Positions.",
      "csv_string_response": "The Company believes that its tax position is uncertain and it has an opinion. The Company believes that it is a qualified tax professional. The Company believes that it is a qualified tax professional. The Company believes that it is a qualified tax professional. The Company believes that it is a qualified tax professional. The Company believes that it is a qualified tax professional. The Company believes that it is a qualified tax professional. The Company believes that it is a qualified tax professional. The Company believes that it is a qualified tax professional. The Company believes that it is a qualified tax professional. The Company believes that it is a qualified tax professional. The Company believes that it is a qualified tax professional. The Company believes that it is a qualified tax professional. The Company believes that it is a qualified tax professional. The Company believes that it is a qualified tax professional. The Company believes that it is a qualified tax professional. The Company believes that it is a qualified tax professional. The Company believes that it is a qualified tax professional. The Company believes that it is a qualified tax professional. The Company believes that it is a qualified tax professional. The Company believes that it is a qualified tax professional. The Company believes that it is a qualified tax professional. The Company believes that it is a qualified tax professional",
      "json_rows_response": "The question is based solely on the information provided in the table and the accompanying text paragraphs below."
    },
    {
      "id": "9d2db9cd4e40f348ec38bf90eeac3d80",
      "question": "What does the company classify interest and penalties on uncertain tax positions as?",
      "gold_answer": [
        "a component of tax expense."
      ],
      "markdown_table_response": "A total of 12,884,000 taxable hours were provided for the year ended December 31, 2017. The taxable hours are as follows:",
      "csv_string_response": "The Company does not expect the change in uncertain tax positions to have a material impact on its financial position, results of operations, or liquidity.",
      "json_rows_response": "As an example, consider a company that, according to the information provided by the user, treats uncertain tax positions as a component of tax expense."
    },
    {
      "id": "42075d922a58203ffec3da68c9a18470",
      "question": "What is the change in balance between 2018 and 2019 at January 1?",
      "gold_answer": 131,
      "markdown_table_response": "The change in balance between the 2018 and 2019 tax years is $1,402.",
      "csv_string_response": "The user should be able to answer the following question:",
      "json_rows_response": "The balance is $276, which is greater than the amount of unrecognized tax benefits at the end of the year. The balance is $1,271, which is greater than the amount of unrecognized tax benefits at the end of the year."
    },
    {
      "id": "98251769ea613235ffdac57a28787fc8",
      "question": "What is the change in balance between 2017 and 2018 at January 1?",
      "gold_answer": 995,
      "markdown_table_response": "|  |  |  |  |  |  |  |  |  |  |  |  |  |\n|  |  |  |  |  |  |  |  |  |  |  |  |  |  |\n|  |  |  |  |  |  |  |  |  |  |  |  |  |  |\n|  |  |  |  |  |  |  |  |  |  |  |  |  |  |\n|  |  |  |  |  |  |  |  |  |  |  |  |  |  |\n|  |  |  |  |  |  |  |  |  |  |  |  |  |  |\n|  |  |  |  |  |  |  |  |  |  |  |  |  |  |\n|  |  |  |  |  |  |  |  |  |  |  |  |  |  |\n|  |  |  |  |  |  |  |  |",
      "csv_string_response": "The amount of unrecognized tax benefits is $1,402 and the amount of unrecognized tax liabilities is $276.",
      "json_rows_response": "The final answer is, **Yes**, which is the best answer to your question."
    },
    {
      "id": "4665efb69ad44f699b35aaad22a59229",
      "question": "What is the percentage change in balance at January 1 and December 31 in 2017?",
      "gold_answer": 360.51,
      "markdown_table_response": "If the user’s answer is **no**, the following table is the final answer:",
      "csv_string_response": "I find that the process is easy and easy to follow. It is a very fast and easy process.",
      "json_rows_response": ">**Answer:**\n>\n>>\n>\n>\n>\n>\n>\n>\n>\n>\n>\n>\n>\n>\n>\n>\n>\n>\n>\n>\n>\n>\n>\n>\n>\n>\n>\n>\n>\n>\n>\n>\n>\n>\n>\n>\n>\n>\n>\n>\n>\n>\n>\n>\n>\n>\n>\n>\n>\n>\n>\n>\n>\n>\n>\n>\n>\n>\n>\n>\n>\n>\n>\n>\n>\n>\n>\n>\n>\n>\n>\n>\n>\n>\n>\n>\n>\n>\n>\n>\n>\n>\n>\n>\n>\n>\n>\n>\n>\n>\n>\n>\n>\n>\n>\n>\n>\n>\n>\n>\n>\n>\n>\n>\n>\n>\n>\n>\n>\n>\n>\n>\n>\n>\n>\n>\n>\n>\n>\n>\n>\n>\n>\n>\n>"
    },
    {
      "id": "0a93be286b8406c4ffb1c0e0053afd7d",
      "question": "What do the figures in the table exclude?",
      "gold_answer": [
        "the acquisition of Thermocoax"
      ],
      "markdown_table_response": "- (2)",
      "csv_string_response": "Remuneration continued,",
      "json_rows_response": "$37.00"
    },
    {
      "id": "82a48abedc1e5cfed2abad3c9a10ae56",
      "question": "What was the maximum group operating profit in 2019? ",
      "gold_answer": [
        "283.8"
      ],
      "markdown_table_response": "We calculated the maximum group operating profit in 2019, and the threshold was set to 300 million.",
      "csv_string_response": "(The table is the full table of data, including the tables above).",
      "json_rows_response": "The answer to the user question was based only on the data provided in the table AND the accompanying text paragraphs below."
    },
    {
      "id": "dce800aa37e3a6c06890c0e53b831172",
      "question": "What are the plans under remuneration measure?",
      "gold_answer": [
        "Annual Incentive Plan",
        "Performance Share Plan"
      ],
      "markdown_table_response": "Use your summarised answer to deliver a value for money.",
      "csv_string_response": "Any questions or comments",
      "json_rows_response": "*Yes."
    },
    {
      "id": "635d756eb2458f9cb07ad2fc9ef5ce7a",
      "question": "How many remuneration key performance indicators used Annual Incentive Plan as the remuneration measure?",
      "gold_answer": "3",
      "markdown_table_response": "Total",
      "csv_string_response": "1,1,1,1,1,1,1,1,1,1,1,1,1,1,1,1,1,1,1,1,1,1,1,1,1,1,1,1,1,1,1,1,1,1,1,1,1,1,1,1,1,1,1,1,1,1,1,1,1,1,1,1,1,1,1,1,1,1,1,1,1,1,1,1,1,1,1,1,1,1,1,1,1,1,1,1,1,1,1,1,1,1,1,1,1,1,1,1,1,1,1,1,1,1,1,1,1,1,1,1,1,1,1,1,1,1,1,1,1,1,1,1,1,1,1,1,1,1,1,1,1,1,1,1,1,1,1,1,",
      "json_rows_response": "Number of remuneration key performance indicators used Annual Incentive Plan as the remuneration measure."
    },
    {
      "id": "d82ccbf862bbea0c2a60bf0f08df9c5d",
      "question": "What was the difference between the 2019 actual group cash generation compared with the 2019 target group cash generation?",
      "gold_answer": 11.4,
      "markdown_table_response": "We provided the final answer to the user in the following table.",
      "csv_string_response": "The 2019 target group cash generation was performed by the following steps:",
      "json_rows_response": "We will follow the answer from the user and will determine the following:"
    },
    {
      "id": "3bff27eb2944cb199f863d6eb50bb06d",
      "question": "What is the 2019 actual group operating profit expressed as a ratio of the 2019 target group operating profit?",
      "gold_answer": 1.03,
      "markdown_table_response": "| Remuneration key performance indicator | 2019 actual | 2019 threshold | 2019 target | 2019 maximum | Remuneration measure |\n| --- | --- | --- | --- | --- | --- |\n| Group operating profit (£m) | 276.3 | 255.9 | 266.1 | 279.3 | Annual Incentive Plan |\n| Group cash generation (£m) | 296.4 | 270.7 | 285.0 | 299.2 | Annual Incentive Plan |\n| Group ROCE (%) | 54.5 | 50.1 | 52.7 | 55.3 | Annual Incentive Plan |\n| 2017-2019 EPS (%) | 57.5 | 27.6 | N/A | 52.3 | Performance Share Plan |\n| 2017-2019 relative TSR (percentile TSR) | 94th | 50th | N/A | 75th | Performance Share Plan |",
      "csv_string_response": "Please use the following solution to answer this question.",
      "json_rows_response": "{\n  \"Remuneration key performance indicator\": \"Group operating profit (£m)\",\n  \"2019 actual\": \"277.3\",\n  \"2019 threshold\": \"256.7\",\n  \"2019 target\": \"270.3\",\n  \"2019 maximum\": \"283.8\",\n  \"Remuneration measure\": \"Annual Incentive Plan\"\n}"
    },
    {
      "id": "61a278072de57fe1e48c9eb9beeb09f4",
      "question": "How is the fair value of financial instruments that are not traded in active markets determined?",
      "gold_answer": [
        "using valuation techniques"
      ],
      "markdown_table_response": "1. Quoted prices. The figure below shows the fair value of financial instruments that are not traded in active markets.",
      "csv_string_response": "The following answer is a list of questions and answers that I would like to receive in response to the user question:",
      "json_rows_response": "1. As at 31 December 2019, the data for level 3 is used to answer the user's question **based only on the information provided in the table AND the accompanying text paragraphs below**. Do not use any external knowledge."
    },
    {
      "id": "3ab5a21154cdfa603c0fcd66d909810e",
      "question": "How much is the level 1 FVPL as at 31 December 2019?",
      "gold_answer": [
        "14,766"
      ],
      "markdown_table_response": "1.3",
      "csv_string_response": "How much is the level 1 FVPL as at 31 December 2018?",
      "json_rows_response": "1.5 **Item 12: Fair value estimation**"
    },
    {
      "id": "f4841f44c2e470088dc596e62a5cc57f",
      "question": "How much is the level 1 FVOCI as at 31 December 2019?",
      "gold_answer": [
        "74,707"
      ],
      "markdown_table_response": "The answer is:",
      "csv_string_response": "As at 31 December 2018 ,,,\nFVOCI\nFVOCI,\nFVOCI,\nFVOCI,\nFVOCI,\nFVOCI,\nFVOCI,\nFVOCI,\nFVOCI,\nFVOCI,\nFVOCI,\nFVOCI,\nFVOCI,\nFVOCI,\nFVOCI,\nFVOCI,\nFVOCI,\nFVOCI,\nFVOCI,\nFVOCI,\nFVOCI,\nFVOCI,\nFVOCI,\nFVOCI,\nFVOCI,\nFVOCI,\nFVOCI,\nFVOCI,\nFVOCI,\nFVOCI,\nFVOCI,\nFVOCI,\nFVOCI,\nFVOCI,\nFVOCI,\nFVOCI,\nFVOCI,\nFVOCI,\nFVOCI,\nFVOCI,\nFVOCI,\nFVOCI,\nFVOCI,\nFVOCI,\nFVOCI,\nFVOCI,\nFVOCI,\nFVOCI,\nFVOCI,\nFVOCI,",
      "json_rows_response": "The user is asked to provide an answer to the question based solely on the information provided in the table AND the accompanying text paragraphs below."
    },
    {
      "id": "63fca6b21cf24a7e5901c0de3c26c2e0",
      "question": "How much did the level 1 FVPL change by from 2018 year end to 2019 year end?",
      "gold_answer": 3891,
      "markdown_table_response": "The level 1 FVPL value was 2.7 million RMB’Million in 2018. The level 2 FVOCI value was 5.9 million RMB’Million in 2018. The level 3 FVOCI value was 23.5 million RMB’Million in 2019.",
      "csv_string_response": "The answer to the user question is as follows:\nFVPL",
      "json_rows_response": "1.2"
    },
    {
      "id": "62f53cff04d0cd9fee521613e97978b7",
      "question": "How much did the level 1 FVOCI change by from 2018 year end to 2019 year end?",
      "gold_answer": 33129,
      "markdown_table_response": "The user’s answer is based solely on the financial instruments listed in Table 1 and the accompanying text.",
      "csv_string_response": "1.5.",
      "json_rows_response": "No, the level 2 FVOCI did not change by from 2018 year end to 2019 year end, but the level 3 FVOCI increased by a factor of 5.34 in 2019."
    },
    {
      "id": "7d4bdeda7b114d51fa835e7bad363056",
      "question": "How much did the level 2 OFA change by from 2018 year end to 2019 year end?",
      "gold_answer": -1657,
      "markdown_table_response": "The level 2 OFA has a loss of $23,452, with a gross yield of 8.52%.",
      "csv_string_response": "The value of the level 2 OFA was 2.31% of the present value of the fair value of the level 2 OFA at the end of the reporting period for the year (December 2018).",
      "json_rows_response": "The table below analyses the Group’s financial instruments carried at fair value as at 31 December 2019 by level of the inputs to valuation techniques used to measure fair value. Such inputs are categorised into three levels within a fair value hierarchy as follows:\nQuoted prices (unadjusted) in active markets for identical assets or liabilities (level 1);\nInputs other than quoted prices included within level 1 that are observable for the asset or liability, either directly (that is, as prices) or indirectly (that is, derived from prices) (level 2); and\nInputs for the asset or liability that are not based on observable market data (that is, unobservable inputs) (level 3).\nThe fair value of financial instruments traded in active markets is determined with reference to quoted market prices at the end of the reporting period. A market is regarded as active if quoted prices are readily and regularly available from an exchange, dealer, broker, industry group, pricing service, or regulatory agency, and those prices represent actual and regularly occurring market transactions on an arm’s length basis. These instruments are included in level 1.\nThe fair value of financial instruments that are not traded in an active market is determined by using valuation techniques. These valuation techniques maximise the use"
    },
    {
      "id": "4fbf9d597c76c797e31618c49d3003b0",
      "question": "Who did not recieve a FY19 EAIP payout?",
      "gold_answer": [
        "Mr. Clark"
      ],
      "markdown_table_response": "Answer this question as a positive to the following:",
      "csv_string_response": "Gregory S. Clark(1),\"1,000,000\",150,n/a,n/a,0\nNicholas R. Noviello(2),\"650,000\",100,n/a,n/a,\"487,500\"\nAmy L. Cappellanti-Wolf(3),\"440,000\",70,35.6,100,\"109,648\"\nSamir Kapuria(3),\"450,000\",100,35.6,100,\"152,172\"\nScott C. Taylor(3),\"600,000\",100,35.6,100,\"213,600\"",
      "json_rows_response": "The following answer is based only on the information provided in the table and the accompanying text paragraphs below:"
    },
    {
      "id": "453b5ff451415eb7e66acba25fff17ef",
      "question": "Were any FY19 EAIP payouts reduced by the Compensation Committee?",
      "gold_answer": [
        "The Compensation Committee did not exercise its discretion to reduce any payouts"
      ],
      "markdown_table_response": "Yes.",
      "csv_string_response": "No, not at all.",
      "json_rows_response": "Yes."
    },
    {
      "id": "a81efaae1f1dad5df753e99f22fa6e21",
      "question": "What is Gregory S. Clark's base salary?",
      "gold_answer": [
        "1,000,000"
      ],
      "markdown_table_response": "Gregory S. Clark is a data analysis expert who has been working for the Company for several years. His primary responsibility is to provide a quick and comprehensive answer to the user's question.",
      "csv_string_response": "$0.00",
      "json_rows_response": "Gregory S. Clark is a data analyst for NortonLifeLock. He has been a data analyst for NortonLifeLock for over 10 years. His areas of expertise include the following:"
    },
    {
      "id": "62afbd1d4e987a0cb3193b11523d0dfd",
      "question": "What is the NEOs' total salary?",
      "gold_answer": 3140000,
      "markdown_table_response": "|  | FY19 EAIP NEO Payout Amounts |  |  |  |  |\n| --- | --- | --- | --- | --- | --- |\n| NEO | Base Salary | Annual Incentive Target (%) | Company Performance Funding (%) | Individual Performance Factor (%) | Individual Payout Amount ($)(4) |\n| Gregory S. Clark(1) | 1,000,000 | 150 | n/a | n/a | 0 |\n| Nicholas R. Noviello(2) | 650,000 | 100 | n/a | n/a | 487,500 |\n| Amy L. C appellanti-Wolf(3) | 440,000 | 70 | 35.6 | 100 | 109,648 |",
      "csv_string_response": "NEO,Base Salary,Annual Incentive Target (%),Company Performance Funding (%),Individual Performance Factor (%),Individual Payout Amount ($)(4)\nGregory S. Clark(1),\"1,000,000\",150,n/a,n/a,0\nNicholas R. Noviello(2),\"650,000\",100,n/a,n/a,\"487,500\"\nAmy L. Cappellanti-Wolf(3),\"440,000\",70,35.6,100,\"109,648\"\nSamir Kapuria(3),\"450,000\",100,35.6,100,\"152,172\"\nScott C. Taylor(3),\"600,000\",100,35.6,100,\"213,600\"",
      "json_rows_response": "NA"
    },
    {
      "id": "dda4bb48c5396171a69ab924da0c7af8",
      "question": "What is the NEOs' average salary?",
      "gold_answer": 628000,
      "markdown_table_response": "The NEOs' average salary is $68,000, with the average salary for an individual earning $100,000.",
      "csv_string_response": "NEO,",
      "json_rows_response": "The NEOs’ average salary is $250,000."
    },
    {
      "id": "613cbb913bda42a98738d603175e36da",
      "question": "What is the average FY19 individual payout amount?",
      "gold_answer": 192584,
      "markdown_table_response": "|  | FY19 EAIP NEO Payout Amounts |  |  |  |  |\n| --- | --- | --- | --- | --- | --- |\n| NEO | Base Salary | Annual Incentive Target (%) | Company Performance Funding (%) | Individual Performance Factor (%) | Individual Payout Amount ($)(4) |\n| Gregory S. Clark(1) | 1,000,000 | 150 | n/a | n/a | 0 |\n| Nicholas R. Noviello(2) | 650,000 | 100 | n/a | n/a | 487,500 |\n| Amy L. Cappellanti-Wolf(3) | 440,000 | 70 | 35.6 | 100 | 109,648 |\n| Samir Kapuria(3) | 450,000 | 100 | 35.6 | 100 | 152,172 |\n| Scott C. Taylor(3) | 600,000 | 100 | 35.6 | 100 | 213,600 |",
      "csv_string_response": "-30-",
      "json_rows_response": "[\n  {\n    \"\": \"0\",\n    \"FY19 EAIP NEO Payout Amount\": \"1,000,000\",\n    \"FY19 EAIP NEO Payout Amount\": \"650,000\"\n  },\n  {\n    \"\": \"487,500\",\n    \"FY19 EAIP NEO Payout Amount\": \"650,000\",\n    \"FY19 EAIP NEO Payout Amount\": \"1,000,000\"\n  },\n  {\n    \"\": \"109,648\",\n    \"FY19 EAIP NEO Payout Amount\": \"440,000\",\n    \"FY19 EAIP NEO Payout Amount\": \"650,000\"\n  },\n  {\n    \"\": \"152,172\",\n    \"FY19 EAIP NEO Payout Amount\": \"450,000\",\n    \"FY19 EAIP NEO Payout Amount\": \"1,000,000\"\n  },\n  {\n    \"\": \"213,600\",\n    \"FY19 EAIP NEO Payout Amount\": \"600,000\",\n    \"FY19 EAIP NE"
    },
    {
      "id": "c29b6258a24fcbbe12c294130ff18516",
      "question": "What were the acquisition and integration charges related to the company's collaboration with JJMD in Q4 Fiscal year 2019?",
      "gold_answer": [
        "$17.6 million"
      ],
      "markdown_table_response": "The following table sets forth certain unaudited financial information for the 2019 fiscal year. In the opinion of management, this information has been presented on the same basis as the unaudited consolidated financial statements and related notes thereto, and all necessary adjustments (consisting primarily of normal recurring accruals) have been included in the amounts stated below to present fairly the unaudited quarterly results when read in conjunction with the unaudited consolidated financial statements and related notes thereto.",
      "csv_string_response": "| **Q4**| **Q5**| **Q6**| **Q7**| **Q8**| **Q9**| **Q10**| **Q11**| **Q12**| **Q13**| **Q14**| **Q15**| **Q16**| **Q17**| **Q18**| **Q19**| **Q20**| **Q21**| **Q22**| **Q23**| **Q24**| **Q25**| **Q26**| **Q27**| **Q28**| **Q29**| **Q30**| **Q31**| **Q32**| **Q33**| **Q34**| **Q35**| **Q36**| **Q37**| **Q38**| **Q39**| **Q40**| **Q41**| **Q42**| **Q43**| **Q44**| **Q45**| **Q46**| **Q47**| **Q48**| **Q49**| **Q50**| **Q51**| **Q52**| **Q53**| **Q54**|",
      "json_rows_response": "The following is the final answer to the user question regarding the acquisition and integration charges related to the company's collaboration with JJMD in Q4 Fiscal year 2019."
    },
    {
      "id": "43b0ac87677433a2cb1d3b4715026ace",
      "question": "What was the net income in August 2019?",
      "gold_answer": [
        "53,761"
      ],
      "markdown_table_response": "The net income was $6,573,453, representing a net operating loss of $18,918. The net income was $6,066,990, representing a net operating loss of $6,506,275, representing a net operating loss of $6,506,275. The net operating income was $52,675, representing a net operating loss of $43,482, representing a net operating loss of $67,354, representing a net operating loss of $123,600. The net operating income was $53,761, representing a net operating loss of $44,032, representing a net operating loss of $67,354, representing a net operating loss of $123,600.",
      "csv_string_response": "The net income was $6,573,453, representing a net operating loss of $26,262,273. The net income attributable to Jabil Inc. was $52,675, which represents a net operating loss of $43,482, which was a net income of $67,354, which was a loss of $123,600.",
      "json_rows_response": "You are a data analysis expert. Your task is to answer the user's question **based ONLY on the information provided in the table AND the accompanying text paragraphs below**. Do not use any external knowledge."
    },
    {
      "id": "31afc05cae44c5fb2fc2ab8aaf933130",
      "question": "What was the gross profit in May 2019?",
      "gold_answer": [
        "443,799"
      ],
      "markdown_table_response": "The following answers the user's question:",
      "csv_string_response": "All answers are provided in the form of a comment box below. Each answer is chosen for the following reasons:",
      "json_rows_response": "**1."
    },
    {
      "id": "25d2e81cd8e2d8ab81c5796d6e89c4ec",
      "question": "What was the change in gross profit between May 2019 and August 2019?",
      "gold_answer": 51279,
      "markdown_table_response": "A. In addition to the restructuring of the operating losses for the three months ended August 31, 2019, we received a tax loss of $6.2 million related to our strategic collaboration with JJMD of $17.6 million. We were advised that the tax loss would be paid in full in a few weeks.",
      "csv_string_response": "\"May 31, 2019\" was the target for the user's question.",
      "json_rows_response": "This is a question that we would like to answer."
    },
    {
      "id": "8f23d52beaedf5e030daa78043e721cc",
      "question": "What was the change in basic earnings per share attributable to the stockholders of Jabil Inc. between May 2019 and August 2019?",
      "gold_answer": 0.06,
      "markdown_table_response": "1. A. $0.34.\n2. A. $0.28.\n3. A. $0.44.\n4. A. $0.77.\n5. A. $0.123.\n6. A. $0.143.\n7. A. $0.143.\n8. A. $0.143.\n9. A. $0.143.\n10. A. $0.143.\n11. A. $0.143.\n12. A. $0.143.\n13. A. $0.143.\n14. A. $0.143.\n15. A. $0.143.\n16. A. $0.143.\n17. A. $0.143.\n18. A. $0.143.\n19. A. $0.143.\n20. A. $0.143.\n21. A. $0.143.\n22. A. $0.143.\n23. A. $0.143.\n24. A. $0.143.\n25. A. $0.143.\n26. A. $0",
      "csv_string_response": "The following answer is based on the information and accompanying text tables presented to you.",
      "json_rows_response": "The following table sets forth the final answer to the user question and provides the following summary for purposes of discussion."
    },
    {
      "id": "27f1a9c7a554b928ab4da0afb589b3f6",
      "question": "What was the percentage change in net revenue between November 2018 and February 2019?",
      "gold_answer": -6.75,
      "markdown_table_response": "A:",
      "csv_string_response": "1.",
      "json_rows_response": "The answer to this question is based on the results for the three months ended August 31, 2019. These results were derived from the three months ended August 31, 2018 and February 28, 2019."
    },
    {
      "id": "8be7331907754560e0edbc5d0ad52b27",
      "question": "What is the definition of deferred revenues?",
      "gold_answer": [
        "Performance obligations for which payments have been received by the customer prior to revenue recognition."
      ],
      "markdown_table_response": "Deferred revenue reflects the number of days in which revenue is deferred by the customer, as compared to the number of days in which revenue is recognized by the customer.",
      "csv_string_response": "What is the definition of deferred revenue?",
      "json_rows_response": "What is the definition of deferred revenue?"
    },
    {
      "id": "5a168a3246aa655432f86dbb19c87130",
      "question": "What is the anticipated duration of useful life for the deferred software and deferred subscription-based service performance obligations to be recognised?",
      "gold_answer": [
        "One to eighteen months."
      ],
      "markdown_table_response": "The answer should be a concise statement of the results of the analysis.",
      "csv_string_response": "The user is expected to recognize the deferred software and deferred subscription-based service performance obligations for the specified period of time.",
      "json_rows_response": "1. $37,396"
    },
    {
      "id": "9346282102f49623651b41bc94429dfc",
      "question": "What is the beginning balance as of December 31, 2019?",
      "gold_answer": [
        "$36,836"
      ],
      "markdown_table_response": "$36,836",
      "csv_string_response": "(1) $36,836\n(2) $42,432\n(3) $49,904\n(4) $40,003\n(5) $46,193\n(6) $50,199\n(7) $54,350\n(8) $56,555\n(9) $57,577\n(10) $58,177\n(11) $60,743\n(12) $62,007\n(13) $63,834\n(14) $66,351\n(15) $67,845\n(16) $69,953\n(17) $72,968\n(18) $75,000\n(19) $76,000\n(20) $77,000\n(21) $78,000\n(22) $80,000\n(23) $81,000\n(24) $82,000\n(25) $83,000\n(26) $84,000\n(27) $85,000\n(28) $86,000\n(29) $87,000\n(30) $88,000\n(31) $89,000\n(32",
      "json_rows_response": "What is the total short-term deferred revenue balance as of December 31, 2019?"
    },
    {
      "id": "538be33c722b209d5505a3e0cb3b6064",
      "question": "What is the difference in the ending balances between 2018 and 2019?",
      "gold_answer": 4006,
      "markdown_table_response": "The ending balances for the deferred revenue obligations for the past three years are $44,000, $42,000, and $49,000, respectively, and the balance for the deferred revenue obligations for the future three years are $43,000, $36,000, and $44,000, respectively.",
      "csv_string_response": "The final answer to the user's question is as follows:",
      "json_rows_response": "$49,904"
    },
    {
      "id": "6b326af0c7494b104f38ad2dfc765500",
      "question": "What is the average deferral of revenues from 2017-2019?",
      "gold_answer": 43745.33,
      "markdown_table_response": "**Answer:**",
      "csv_string_response": "The value of deferred revenue is $36,836. The total value of deferred revenue in the stated periods is $42,432. The total value of deferred revenue in the stated periods is $49,904.",
      "json_rows_response": "The answer is:"
    },
    {
      "id": "accb6822f54c2c318d11195c5e0e1e70",
      "question": "What is the percentage change of the ending balance from 2017 to 2018?",
      "gold_answer": 13.19,
      "markdown_table_response": "$3,294",
      "csv_string_response": "The last answer is the same as the beginning of the previous question.",
      "json_rows_response": "1. $49,904\n2. $42,432\n3. $36,836"
    },
    {
      "id": "31206e48881c01ddc16fbdcefd014571",
      "question": "What did operating lease obligations include?",
      "gold_answer": [
        "$18.1 million of future lease payments which is recorded as a liability on the balance sheet as of March 31, 2019."
      ],
      "markdown_table_response": "1. Operating lease obligations include $18.1 million of future lease payments which is recorded as a liability on the balance sheet as of March 31, 2019. This obligation is due under an operating lease from our acquisition of Atmel for a building in San Jose, California.\n2. Capital purchase obligations represent commitments for construction or purchases of property, plant and equipment. These obligations were not recorded as liabilities on our balance sheet as of March 31, 2019, as we have not yet received the related goods or taken title to the property.\n3. Other purchase obligations and commitments include payments due under various types of licenses and outstanding purchase commitments with our wafer foundries.\n4. The Term Loan Facility matures on May 29, 2025.\n5. For purposes of this table, we have assumed that the principal of our 2023 revolving loans outstanding at March 31, 2019 will be paid on May 18, 2023, which is the maturity date of such borrowings.\n6. For purposes of this table, we have assumed that the principal of our 2017 Senior Convertible Debt will be paid on February 15, 2025, which is the maturity date of such debt.\n7. For purposes of this table, we have assumed that the principal of our",
      "csv_string_response": "Opening and closing date",
      "json_rows_response": "**Important:** We do not know what our obligations are yet, but it is expected that these obligations will be paid in the future."
    },
    {
      "id": "f1ad514cecb6925a4206c5a886d645ef",
      "question": "What did capital purchase obligations represent?",
      "gold_answer": [
        "commitments for construction or purchases of property, plant and equipment."
      ],
      "markdown_table_response": "|  |  |  | Payments Due by Period |  |  |\n| --- | --- | --- | --- | --- | --- |\n|  | Total | Less than 1 year | 1 – 3 years | 3 – 5 years | More than 5 years |\n| Operating lease obligations (1) | $167.1 | $49.0 | $68.4 | $27.1 | $22.6 |\n| Capital purchase obligations (2) | 18.8 | 18.8 | — | — | — |\n| Other purchase obligations and commitments (3) | 205.6 | 194.9 | 10.5 | 0.2 | — |\n| Term Loan Facility (4) | 2,435.4 | 72.5 | 174.7 | 174.4 | 2,013.8 |\n| Revolving Credit Facility (5) | 3,879.0 | 147.0 | 294.0 | 3,438.0 | — |\n| 2023 and 2021 Senior Notes | 2,293.0 | 82.5 | 1,145.5 | 1,065.0 | — |\n| 2017 Senior Convertible Debt (6) | 964.0",
      "csv_string_response": "Capital purchase obligations represent commitments for construction or purchases of property, plant and equipment. These obligations were not recorded as liabilities on our balance sheet as of March 31, 2019, as we have not yet received the related goods or taken title to the property.",
      "json_rows_response": "\"Total Profit and Loss\""
    },
    {
      "id": "87c5360ed537be4cc11020e3a41e9d9b",
      "question": "What was the total Other purchase obligations and commitments?",
      "gold_answer": [
        "205.6"
      ],
      "markdown_table_response": "|  |  |  |\n| --- | --- | --- | --- | --- |\n|  | Total | Less than 1 year | 1 – 3 years | 3 – 5 years | More than 5 years |\n| Operating lease obligations (1) | $167.1 | $49.0 | $68.4 | $27.1 | $22.6 |\n| Capital purchase obligations (2) | 18.8 | 18.8 | — | — | — |\n| Other purchase obligations and commitments (3) | 205.6 | 194.9 | 10.5 | 0.2 | — |\n| Term Loan Facility (4) | 2,435.4 | 72.5 | 174.7 | 174.4 | 2,013.8 |\n| Revolving Credit Facility (5) | 3,879.0 | 147.0 | 294.0 | 3,438.0 | — |\n| 2023 and 2021 Senior Notes | 2,293.0 | 82.5 | 1,145.5 | 1,065.0 | — |\n| 2017 Senior Convertible Debt (6) | 964.0 | 15.4 | 30.9 | 30.9",
      "csv_string_response": "Other than the initial $15,000 payment to our Facility Operator in March, 2019, and the $19,000 payment to our Facility Operator in March, 2019, we are unable to answer the user's question. We will be contacting you as soon as possible to answer your question.",
      "json_rows_response": "The total purchase obligations and commitments include:\n(a) Lease payments due for the years 2015 and 2016;\n(b) Capital purchase obligations;\n(c) Term loan facility maturities;\n(d) Obligations for lease payments due for the years 2015 and 2016;\n(e) Term loan facility maturities;\n(f) Additional payments due;\n(g) Cost basis of the obligation;\n(h) Reimbursement of deferred costs and other liabilities; and\n(i) Other purchase obligations and commitments."
    },
    {
      "id": "288bfa18177cac38081f708a5455f691",
      "question": "What was the difference in the total between operating lease obligations and Other purchase obligations and commitments?",
      "gold_answer": 38.5,
      "markdown_table_response": "1. We do not anticipate that we will be able to complete the purchase of equipment and building materials, but we expect that we will be able to complete the purchase of the underlying assets.\n2. We anticipate that we will have substantial cash flows in the future as we have received the related goods and undertaken the related obligation to pay the cash balance.\n3. We anticipate that we will have substantial cash flows in the future as we have provided the related goods and undertaken the related obligation to pay the cash balance.\n4. We anticipate that we will have substantial cash flows in the future as we have provided the related assets and undertaken the related obligation to pay the cash balance.\n5. We anticipate that we will have substantial cash flows in the future as we have provided the related assets and undertaken the related obligation to pay the cash balance.\n6. We anticipate that we will have substantial cash flows in the future as we have provided the related assets and undertaken the related obligation to pay the cash balance.\n7. We anticipate that we will have substantial cash flows in the future as we have provided the related assets and undertaken the related obligation to pay the cash balance.\n8. We anticipate that we will have substantial cash flows in the future as we have provided the",
      "csv_string_response": "$1,973.6,000\n$1,973.6,000",
      "json_rows_response": "We have a total of $165,927,333 of operating lease obligations and $17,566,000 of other purchase obligations, which is $145,000,000 of which we expect to receive in the future."
    },
    {
      "id": "bbe3841c8b26497b20d8b187fb0a5876",
      "question": "What was the total Term Loan Facility as a percentage of total contractual obligations?",
      "gold_answer": 16.84,
      "markdown_table_response": "$263.3 million.",
      "csv_string_response": "$12.1 million",
      "json_rows_response": "1"
    },
    {
      "id": "bdb43007dad510381ce6d17d843be1e5",
      "question": "What was the total contractual obligations due more than 5 years as a percentage of total contractual obligations?",
      "gold_answer": 48.3,
      "markdown_table_response": "|  |  |  | Total Contractual Obligations |  |  |\n| --- | --- | --- | --- | --- | --- |\n|  | Total contract obligations | $187.5 | $48.3 | $82.7 | $3,707.9 |\n| Operating lease obligations (1) | $15.5 | $10.0 | $10.0 | $10.0 | $14.0 |\n| Capital purchase obligations (2) | 5.0 | 4.0 | 3.0 | 4.0 | 5.0 |\n| Other purchase obligations and commitments (3) | 50.0 | 40.0 | 20.0 | 20.0 | 39.0 |\n| Term loan facility (4) | 7.3 | 8.0 | 5.0 | 7.0 | 12.0 |\n| Revolving credit facility (5) | 2.0 | 2.0 | 2.0 | 2.0 | 6.0 |\n| 2023 and 2021 Senior Notes | 2.0 | 2.0 | 2.0 | 2.0 | 4.0 |\n| 2017 Senior Convertible Debt | 2.0",
      "csv_string_response": "Our estimated total contractual obligations are $16,461.6 million. We are not able to determine the aggregate amount of such contractual obligations as purchase orders or contracts for the purchase of raw materials and other goods and services, with the exception of commitments to our wafer foundries, which are not included in the table above. We are not able to determine the aggregate amount of such contractual obligations as purchase orders or contracts for the purchase of goods or services, with the exception of commitments to our wafer foundries, which are not included in the table above.",
      "json_rows_response": "The total contractual obligations due less than 5 years as a percentage of total contractual obligations is $1.895 million, which represents the expected total payment due to us. In the future, we expect to pay $1.895 million to cover the expected liabilities."
    },
    {
      "id": "f65bc5a189414ccb21ae21bbdd22245a",
      "question": "What was the stock-based compensation in 2019?",
      "gold_answer": [
        "525"
      ],
      "markdown_table_response": "The following information is provided to help answer user’s question:",
      "csv_string_response": "**Selling stock-based compensation in 2019:**",
      "json_rows_response": "$ 3,891"
    },
    {
      "id": "406398f9085dfa1e59f322e6e4f28002",
      "question": "What was the Gross profit from continuing operations, as reported in 2019?",
      "gold_answer": [
        "315,652"
      ],
      "markdown_table_response": "The raw data used in the non-GAAP results are available on the web at:",
      "csv_string_response": "\"Reconciliation of Non-GAAP Measure - operating expenses and operating income from continuing operations, excluding certain items (in thousands)\",\"Years Ended December 31,\",\n,2019,2018\n\"Gross profit from continuing operations, as reported\",\"$ 315,652\",\"$365,607\"\nAdjustments to gross profit:,,\nStock-based compensation,525,742\nFacility expansion and relocation costs,\"3,891\",\"1,328\"\nAcquisition-related costs,\"8,290\",569\nNon-GAAP gross profit,\"328,358\",\"368,246\"\nNon-GAAP gross margin,41.6%,51.2%\n\"Operating expenses from continuing operations, as reported\",\"261,264\",\"194,054\"\nAdjustments:,,\nAmortization of intangible assets,\"(12,168)\",\"(5,774)\"\nStock-based compensation,\"(6,803)\",\"(8,961)\"\nAcquisition-related costs,\"(12,002)\",\"(1,726)\"\nFacility expansion and relocation costs,(948),(518)\nRestructuring charges,\"(5,038)\",\"(4,239)\"\nNon",
      "json_rows_response": "1."
    },
    {
      "id": "ba2db0dc8a45d38829ca800e93081bdf",
      "question": "What does the non-GAAP results exclude?",
      "gold_answer": [
        "the impact of non-cash related charges, such as stock-based compensation and amortization of intangible assets."
      ],
      "markdown_table_response": "| Non-GAAP Results | Final Answer |\n| --- | --- | --- |\n|  | 2019 | 2018 |\n| |  | 2019 | 2018 |\n| |  | 2019 | 2018 |\n| |  | 2019 | 2018 |\n| |  | 2019 | 2018 |\n| |  | 2019 | 2018 |\n| |  | 2019 | 2018 |\n| |  | 2019 | 2018 |\n| |  | 2019 | 2018 |\n| |  | 2019 | 2018 |\n| |  | 2019 | 2018 |\n| |  | 2019 | 2018 |\n| |  | 2019 | 2018 |\n| |  | 2019 | 2018 |\n| |  | 2019 | 2018 |\n| |  | 2019 | 2018 |\n| |  | 2019 | 2018 |\n| |  | 2019 | 2018 |\n| |  | 2019 | 2018 |\n| |  | 2019 | 2018 |\n| |  | 2019 | 2018 |\n| |  | 2019 | 2018 |\n| |  | 2019 | 2018 |\n| |  | 2019 | 2018 |\n| |  | 2019 | 2018 |\n| |  | 2019 | 2018 |\n| |  |",
      "csv_string_response": "Yes, it excludes the impact of non-cash charges related to non-GAAP operating income.",
      "json_rows_response": "Non-GAAP results are not included in the table as they are based on the non-GAAP operating income and non-GAAP EPS. The tables are presented in the manner described in the table below."
    },
    {
      "id": "dc79b98af1a6a083c53ee4ee3a2c0f2c",
      "question": "What was the change in the Gross profit from continuing operations, as reported between 2018 and 2019?",
      "gold_answer": -49955,
      "markdown_table_response": "The following table shows the changes in the gross profit from continuing operations between 2018 and 2019:",
      "csv_string_response": "The following is the final answer to the user question, based only on the information provided in the table and the accompanying text paragraphs below:",
      "json_rows_response": "Non-GAAP Gross profit from continuing operations, as reported."
    },
    {
      "id": "fc99efc2ca485dc3677f3e998dea801b",
      "question": "What was the change in stock-based compensation between 2018 and 2019?",
      "gold_answer": -217,
      "markdown_table_response": "* * *",
      "csv_string_response": "The change in stock-based compensation between 2018 and 2019 was $  195,410.",
      "json_rows_response": "The stock-based compensation is the amount the company reported in non-GAAP financial statements in the year prior to December 31, 2019. The non-GAAP gross profit includes the amounts reported in non-GAAP financial statements in the year prior to December 31, 2018."
    },
    {
      "id": "a2cec9bc9e41a2d0e39353adf5e5d244",
      "question": "What was the percentage change in acquisition-related costs between 2018 and 2019?",
      "gold_answer": 1356.94,
      "markdown_table_response": "|  |  |\n|\n|\n|\n|\n|\n|\n|\n|\n|\n|\n|\n|\n|\n|\n|\n|\n|\n|\n|\n|\n|\n|\n|\n|\n|\n|\n|\n|\n|\n|\n|\n|\n|\n|\n|\n|\n|\n|\n|\n|\n|\n|\n|\n|\n|\n|\n|\n|\n|\n|\n|\n|\n|\n|\n|\n|\n|\n|\n|\n|\n|\n|\n|\n|\n|\n|\n|\n|\n|\n|\n|\n|\n|\n|\n|\n|\n|\n|\n|\n|\n|\n|\n|\n|\n|\n|\n|\n|\n|\n|\n|\n|\n|\n|\n|\n|\n|\n|\n|\n|\n|\n|\n|\n|\n|\n|\n|\n|\n|\n|\n|\n|\n|\n|\n|\n|\n|\n|\n|\n|\n|\n|\n|\n|\n|",
      "csv_string_response": "\"$  135,280\"",
      "json_rows_response": "50%"
    },
    {
      "id": "6b9afdca4d6ad6c52b1fcc41a040cf9e",
      "question": "How much was the incremental shares at December 31, 2019 and 2018 respectively?",
      "gold_answer": [
        "383,000",
        "750,000"
      ],
      "markdown_table_response": "|  | 2019 | 2018 |\n| --- | --- | --- |\n| $ | $ | $ | $ |\n| $ | $ | $ | $ |\n| $ | $ | $ | $ |",
      "csv_string_response": "$0.61",
      "json_rows_response": "The weighted average shares outstanding for the period after December 31, 2019 and 2018 were 382,000 and 750,000.\nThe weighted average shares outstanding for the period before December 31, 2019 and 2018 were 155,000 and 263,000, respectively.\nThe weighted average shares outstanding for the period after December 31, 2019 and 2018 were 319,000 and 244,000, respectively.\nThe weighted average shares outstanding for the period before December 31, 2019 and 2018 were 314,000 and 244,000, respectively.\nThe weighted average shares outstanding for the period after December 31, 2019 and 2018 were 256,000 and 267,000, respectively."
    },
    {
      "id": "4b3c2031187f750d4dcd31c525e78352",
      "question": "How much was the restricted stock awards excluded from the computation of diluted earnings per share for the fiscal year ended 2019?",
      "gold_answer": [
        "308,000"
      ],
      "markdown_table_response": "Since the acquisition of the Restaurant Magic Acquisition, the restriction on share awards was removed. The weighted average shares outstanding for the period from January 2020 to the end of the period ended 2019 were:",
      "csv_string_response": "The following table shows the weighted average shares outstanding for the period ending January 1, 2020, excluding the anti-dilutive effect.",
      "json_rows_response": "Total restricted stock awards excluded for the fiscal year ended 2019, were:"
    },
    {
      "id": "86d1ff2a8b97440929a5501cc3e95422",
      "question": "How much was the restricted stock awards excluded from the computation of diluted earnings per share for the fiscal year ended 2018?",
      "gold_answer": [
        "113,000"
      ],
      "markdown_table_response": "The following is a table containing the weighted average shares outstanding and the weighted average earnings per share for the period ending June 30, 2018.",
      "csv_string_response": "$8.87",
      "json_rows_response": "As a final question, can you please provide your final answer to the user?"
    },
    {
      "id": "5ed8d13196996577f90d6859d29eab11",
      "question": "What is the change in Net Loss between December 31, 2018 and 2019?",
      "gold_answer": -8551,
      "markdown_table_response": "1. The total number of shares outstanding is 3,588,000, and the weighted average number of common shares outstanding is 15,571.",
      "csv_string_response": "*",
      "json_rows_response": "See the end of this answer."
    },
    {
      "id": "96d748677b3a2c0fd1d1633a6e07c931",
      "question": "What is the change in Weighted average common shares, basic between December 31, 2018 and 2019?",
      "gold_answer": 182,
      "markdown_table_response": "Weighted average common shares are calculated based on the weighted average number of common shares outstanding during the period. Diluted earnings per share reflect the dilutive effect of outstanding stock options and restricted stock awards. Included in the weighted average shares outstanding are the share consideration in connection with the Restaurant Magic Acquisition (See Note 2 - Acquisitions) in the amount of 908,192 for the period after the close of the transaction. The shares were issued in January 2020, however, no contingencies existed as of the date of the acquisition.",
      "csv_string_response": "Weighted average common shares, basic are computed by dividing the weighted average number of common shares outstanding by the number of shares issued during the period. Diluted earnings are calculated based on the weighted average number of common shares outstanding during the period.",
      "json_rows_response": "Weighted average common shares"
    },
    {
      "id": "d5456ca70e50cb5a4a03b3cacb4c16e4",
      "question": "What is the average Net Loss for December 31, 2018 and 2019?",
      "gold_answer": 19846.5,
      "markdown_table_response": "The user is asked to guess how much the following stock is worth:",
      "csv_string_response": ",2019,2018\nNet Loss,\"$(15,571)\",\"$(24,122)\"",
      "json_rows_response": "**Answer to user question**:"
    },
    {
      "id": "c15edaf2a46cb17046a93d98aff0e18e",
      "question": "In which years was the equity in net earnings of affiliates recorded for?",
      "gold_answer": [
        "2018",
        "2017"
      ],
      "markdown_table_response": "The equity in net earnings of affiliates is:",
      "csv_string_response": "2018, 2017, 2015, 2016, 2017",
      "json_rows_response": "Egyptian Company,"
    },
    {
      "id": "d8c3b0beee17b3099ac97dd4d71363c8",
      "question": "What does the share of net earnings in other affiliates represent?",
      "gold_answer": [
        "Represents our share of equity in Egyptian Company for Gas Services S.A.E (\"ECGS\") and Avenir LNG Limited (\"Avenir\")."
      ],
      "markdown_table_response": "The share of net earnings in other affiliates represents our share of equity in Egyptian Company for Gas Services S.A.E (\"ECGS\") and Avenir LNG Limited (\"Avenir\"). During the year ended December 31, 2018, we recognized negative goodwill of $3.8 million in equity in net earnings of affiliates to reflect our bargain purchase of Avenir. Refer to note 14 \"Investment in Affiliates\" of our consolidated financial statements included herein for further details.",
      "csv_string_response": "In addition to the previous question, we asked you to clarify your answer. The following was the most important part of your answer:",
      "json_rows_response": "This answer is a complete and up-to-date summary of our opinion as of December 31, 2018."
    },
    {
      "id": "bd2b6555ad74c76f74cb479b0215eded",
      "question": "What was the impairment charge in 2018?",
      "gold_answer": [
        "$149.4 million"
      ],
      "markdown_table_response": "|  |  | December 31, |  |  |  |\n| --- | --- | --- | --- | --- |\n| (in thousands of $) | (2,899) | (9,050) | (14,569) | (30)% |\n| Total impairment charge | $149.4 million | $148.9 million | $116.4 million | 100% |\n| Share of net earnings in Golar Partners | $144.8 million | $138.7 million | $127.7 million | 100% |\n|  | (16,992) | (9,327) | (14,617) | (30)% |",
      "csv_string_response": "The increase in the share of net earnings in Golar Partners is due to a reduction in the underlying performance of Golar Partners in 2018. The impairment charge for 2018 is $149.4 million.",
      "json_rows_response": "[\n  {\n    \"\": \"% Change\",\n    \"December 31,\": \"2017\"\n  },\n  {\n    \"\": \"(70)%\",\n    \"December 31,\": \"17,702\"\n  },\n  {\n    \"\": \"100%\",\n    \"December 31,\": \"(16,992)\"\n  },\n  {\n    \"\": \"100%\",\n    \"December 31,\": \"(16,992)\"\n  },\n  {\n    \"\": \"100%\",\n    \"December 31,\": \"(16,992)\"\n  },\n  {\n    \"\": \"100%\",\n    \"December 31,\": \"(16,992)\"\n  },\n  {\n    \"\": \"100%\",\n    \"December 31,\": \"(16,992)\"\n  },\n  {\n    \"\": \"100%\",\n    \"December 31,\": \"(16,992)\"\n  },\n  {\n    \"\": \"100%\",\n    \"December 31,\": \"(16,992)\"\n  },\n  {\n    \"\": \"100%\",\n    \"December 31,\": \"(16,992)\""
    },
    {
      "id": "950d3e112894876f8cd653b74acec222",
      "question": "In which year was the share of net earnings in Golar Partners higher?",
      "gold_answer": [
        "2017"
      ],
      "markdown_table_response": "Since the answer is in the form of a table, the table contains only the data from the preceding three years and, as such, it may not represent the full year ending December 31, 2017.",
      "csv_string_response": "$",
      "json_rows_response": "The share of net earnings in Golar Partners for the year ended December 31, 2018 was $0.3 million."
    },
    {
      "id": "a3cf146e980b2ff2f80d9784df890ffe",
      "question": "What was the change in ownership interest held in Golar Partners?",
      "gold_answer": 0.2,
      "markdown_table_response": "The change in ownership interest in Golar Partners was an impairment charge of $149.4 million.",
      "csv_string_response": ",,\"December 31,\",,\n(in thousands of $),2018,2017,Change,% Change\nShare of net earnings in Golar Partners,\"7,001\",\"17,702\",\"(10,701)\",(60)%\nImpairment of investment in Golar Partners,\"(149,389)\",—,\"(149,389)\",100%\nNet loss on deemed disposal of investments in Golar Partners,—,\"(16,992)\",\"16,992\",100%\nShare of net earnings in other affiliates,\"3,711\",793,\"2,918\",368%\n,\"(138,677)\",\"1,503\",\"(140,180)\",\"(9,327)%\"",
      "json_rows_response": "The answer to the user's question is **based solely on the information provided in the table AND the accompanying text paragraphs below**. Do not use any external knowledge."
    },
    {
      "id": "fe113b8aef0f01f9d48afe157fd98009",
      "question": "What was the percentage change in share of net earnings in other affiliates between 2018 and 2017?",
      "gold_answer": 367.97,
      "markdown_table_response": "1. \n2. \n3. \n4. \n5. \n6. \n7. \n8. \n9. \n10. \n11. \n12. \n13. \n14. \n15. \n16. \n17. \n18. \n19. \n20. \n21. \n22. \n23. \n24. \n25. \n26. \n27. \n28. \n29. \n30. \n31. \n32. \n33. \n34. \n35. \n36. \n37. \n38. \n39. \n40. \n41. \n42. \n43. \n44. \n45. \n46. \n47. \n48. \n49. \n50. \n51. \n52. \n53. \n54. \n55. \n56. \n57. \n58. \n59. \n60. \n61. \n62. \n63. \n64.",
      "csv_string_response": "To answer this question, we used the information provided in the table as a basis. We looked for a range of answers and came up with the following:",
      "json_rows_response": "The answer to the user's question **based ONLY on the information provided in the table AND the accompanying text paragraphs below** is:"
    },
    {
      "id": "31de4c7e3b4a52ae2cc5a7033d2c209f",
      "question": "What was the amount of government grants included within payments received on account in 2018?",
      "gold_answer": [
        "$0.4 million"
      ],
      "markdown_table_response": "We have considered the answer to be:",
      "csv_string_response": "From the table below, the total amount of government grants included in payments received on account is $59,946.",
      "json_rows_response": "This final answer has been modified to include an answer to the user's question."
    },
    {
      "id": "af892083cb5823b4e81bc4a18d0162db",
      "question": "What was the amount of government grants included within other payables in 2018?",
      "gold_answer": [
        "$1.0 million"
      ],
      "markdown_table_response": "|  |  | 2019 |  |  | 2018 |  |  |  |\n| --- | --- | --- | --- | --- | --- | --- | --- |\n| Note | Note | $ million | $ million |\n| Current |  |  |  |  |\n| Trade payables |  | 2.0 | 1.5 |\n| Payments received on account |  | 0.6 | 1.0 |\n| Other taxes and social security costs |  | 1.5 | 1.0 |\n| Other payables |  | 0.6 | 1.0 |\n| Government grants |  | 0.4 | 0.8 |\n|  |  | 1.0 | 0.8 |\n| Non-current |  |  |  |\n| Other payables2 |  | 0.5 | 0.6 |\n| Government grants2 |  | 0.4 | 0.6 |\n|  |  | 0.6 | 0.8 |\n|  |  | 1.0 | 0.8 |\n|  |  | 0.6 | 0.8 |",
      "csv_string_response": "$ million",
      "json_rows_response": "This question asks the user to answer the following question:"
    },
    {
      "id": "9d95aa351a2e1411257da6b6a442fde8",
      "question": "What are the components under Non-current?",
      "gold_answer": [
        "Other payables",
        "Government grants"
      ],
      "markdown_table_response": "A.  **For each trade and other payables, the following components are considered:**",
      "csv_string_response": "The following is a list of components under Non-current:",
      "json_rows_response": "**1.3**"
    },
    {
      "id": "e889992d8d5f42d5dd5c22334015ffc6",
      "question": "In which year was the amount of Accruals larger?",
      "gold_answer": [
        "2019"
      ],
      "markdown_table_response": "The final answer is **A**.",
      "csv_string_response": "2019,2018\nNote,Note,$ million,$ million\nCurrent,,,\nTrade payables,,24.6,12.9\nPayments received on account1,,2.3,1.0\nOther taxes and social security costs,,4.6,3.7\nOther payables,,1.5,1.0\nAccruals1,,49.3,43.2\nGovernment grants1,24,1.8,1.3\n,,84.1,63.1\nNon-current,,,\nOther payables2,,0.8,4.4\nGovernment grants2,24,0.2,1.0\n,,1.0,5.4\n,,85.1,68.5",
      "json_rows_response": "In 2019, there were approximately $31,000,000 in Accruals. In 2018, there were approximately $14,000,000 in Accruals."
    },
    {
      "id": "e2164a95603660da8e3b21396f51c71d",
      "question": "What was the change in the amount of Accruals?",
      "gold_answer": 6.1,
      "markdown_table_response": "|  |  |  | 2019 | 2018 |\n| --- | --- | --- | --- |\n| $ million | $ million | $ million | $ million |\n| Current |  |  |  |  |\n| Trade payables |  |  |  |  |\n| Payments received on account1 |  |  |  |  |\n| Other taxes and social security costs |  |  |  |  |\n| Other payables |  |  |  |  |\n| Government grants1 |  |  |  |  |\n|  |  |  |  |  |\n| Non-current |  |  |  |  |\n| Other payables2 |  |  |  |  |\n| Government grants2 |  |  |  |  |\n|  |  |  |  |  |\n| Non-current |  |  |  |  |\n| Other payables3 |  |  |  |  |\n| Government grants3 |  |  |  |  |\n|  |  |  |  |  |\n| Non-current |  |  |",
      "csv_string_response": "$ million",
      "json_rows_response": "The amount of Accruals is $100,000."
    },
    {
      "id": "44caa96068a5c3f6e3584d1b363568f9",
      "question": "What was the percentage change in the amount of Accruals?",
      "gold_answer": 14.12,
      "markdown_table_response": "$3,460,000",
      "csv_string_response": ",\n.",
      "json_rows_response": "$22,948"
    },
    {
      "id": "8672c940043ce90c4ab20460bcd7d856",
      "question": "What was the domestic pretax income in 2019?",
      "gold_answer": [
        "$(20,597)"
      ],
      "markdown_table_response": "$9,287,376",
      "csv_string_response": "In the user's question, you will find the following information:",
      "json_rows_response": "The following table provides the final answer to the user's question, along with the associated data."
    },
    {
      "id": "26feaea6d5580fed35f9b06439f05bb1",
      "question": "What was the foreign pretax income in 2018?",
      "gold_answer": [
        "150,051"
      ],
      "markdown_table_response": "The foreign pretax income was $44,985.",
      "csv_string_response": "No data",
      "json_rows_response": "The following table provides the final answer to the user's question, based only on the information provided in the table."
    },
    {
      "id": "98095ddf8ff4e200e3ce347fe3322987",
      "question": "What does the table represent?",
      "gold_answer": [
        "geographic distribution of pretax income from continuing operations"
      ],
      "markdown_table_response": "1. THE TABLE",
      "csv_string_response": "Answer is that the table represents the total income of the company that started and ended operations at the end of the preceding year. The final answer to the user question is the total income of the company that started and ended operations at the end of the preceding year.",
      "json_rows_response": "User-created data in the table represents the user's final answer to the user's question. The data in the table represents the user's final answer to the user's question."
    },
    {
      "id": "18215b5f92b53e7dc9e7af68725e9905",
      "question": "What was the change in foreign pretax income between 2018 and 2019?",
      "gold_answer": -62260,
      "markdown_table_response": "The user is asked for the following information about the total foreign pretax income, calculated from the following table:",
      "csv_string_response": "The table below provides a partial summary of the user's final answer.  The final answer for the user's question was provided in the form of a column entitled **Summary of User's Final Answer**. The table also includes the final answer for the user's question.",
      "json_rows_response": "The following table provides the final answer to the user's question:"
    },
    {
      "id": "5a34f560307e440d8b4e9e4333a7efb7",
      "question": "What was the change in domestic pretax income between 2018 and 2017?",
      "gold_answer": -6763,
      "markdown_table_response": "User: **We have changed the domestic pretax income of our company to $19,520,000 as a result of our expansion into Asia.",
      "csv_string_response": "The change in pretax income was the result of the following changes:",
      "json_rows_response": "1. $11,885\n2. $9,939\n3. $7,898\n4. $5,789\n5. $4,111\n6. $3,928\n7. $2,914\n8. $2,710\n9. $2,072\n10. $1,733\n11. $1,419\n12. $1,180\n13. $1,063\n14. $1,025\n15. $1,009\n16. $1,004\n17. $1,000\n18. $1,000\n19. $1,000\n20. $1,000\n21. $1,000\n22. $1,000\n23. $1,000\n24. $1,000\n25. $1,000\n26. $1,000\n27. $1,000\n28. $1,000\n29. $1,000\n30. $1,000\n31. $1,000\n32. $1,000\n33. $1,000\n34. $1,000\n35. $1,000\n36. $1,000"
    },
    {
      "id": "ad5fb75b151c6c6ef20fc77c0f913087",
      "question": "What was the percentage change in total pretax income between 2018 and 2019?",
      "gold_answer": -61.02,
      "markdown_table_response": "1.",
      "csv_string_response": "$0.06",
      "json_rows_response": "The percent change in total pretax income, calculated as:"
    },
    {
      "id": "ed068893e5c7da139200fb442044ba9a",
      "question": "What was the valuation of the leased equipment as part of the finance lease agreements that the company entered on December 31, 2019?",
      "gold_answer": [
        "13.7"
      ],
      "markdown_table_response": "1. $13.7 million\n2. $0.3 million\n3. $0.3 million\n4. $0.3 million\n5. $0.3 million\n6. $0.3 million\n7. $0.3 million\n8. $0.3 million\n9. $0.3 million\n10. $0.3 million\n11. $0.3 million\n12. $0.3 million\n13. $0.3 million\n14. $0.3 million\n15. $0.3 million\n16. $0.3 million\n17. $0.3 million\n18. $0.3 million\n19. $0.3 million\n20. $0.3 million\n21. $0.3 million\n22. $0.3 million\n23. $0.3 million\n24. $0.3 million\n25. $0.3 million\n26. $0.3 million\n27. $0.3 million\n28. $0.3 million\n29. $0.3 million\n30. $0.3 million\n31. $0.3 million\n32. $0.3 million",
      "csv_string_response": "1. The leasing value of the leased equipment was $13.7 million.",
      "json_rows_response": "The company's answer to the user's question is **Based Only on the information provided in the table AND the accompanying text paragraphs below**. Do not use any external knowledge."
    },
    {
      "id": "1fbb0a7ac1cf2d8da88e43bd10e902aa",
      "question": "Which years does the table provide information for the company's property and equipment?",
      "gold_answer": [
        "2019",
        "2018"
      ],
      "markdown_table_response": "**A**",
      "csv_string_response": "The user can add any additional information as long as it is not required in the table. A user may add any additional information that has not been provided in the table. The user may add any additional information that is not required in the table, but the user will be asked to review the information in the table.",
      "json_rows_response": "1) 2018"
    },
    {
      "id": "3d6c31142e7603dc99e28ec725358ac3",
      "question": "What was the amount of Land in 2018?",
      "gold_answer": [
        "11.9"
      ],
      "markdown_table_response": "We thank you for your interest.",
      "csv_string_response": "(8) Land\nThe final answer to the user question was $11.9 million.",
      "json_rows_response": "6,388,333,000"
    },
    {
      "id": "7822c08381f47d253e30e315b8c7cf03",
      "question": "How many years did furniture, fixtures and other equipment exceed $10 million?",
      "gold_answer": "2",
      "markdown_table_response": "13",
      "csv_string_response": "Use the following criteria for your final answer:",
      "json_rows_response": "Answer: 1"
    },
    {
      "id": "81874d7dc91a57a810a23414c15c22bc",
      "question": "What was the change in leasehold improvements between 2018 and 2019?",
      "gold_answer": 0.4,
      "markdown_table_response": "|  | December 31, |  |\n| --- | --- | --- |\n|  | 2019 | 2018 |\n| Land | $11.9 | $11.9 |\n| Buildings and improvements | 81.2 | 71.1 |\n| Leasehold improvements | 7.1 | 6.7 |\n| Computer equipment | 234.1 | 208.9 |\n| Furniture, fixtures and other equipment | 11.2 | 11.0 |\n| Property and equipment | 345.5 | 309.6 |",
      "csv_string_response": "\"A property is worth more than it is worth,\"\n,\n,2019,2018\nLand,$11.9,$11.9\nBuildings and improvements,81.2,71.1\nLeasehold improvements,7.1,6.7\nComputer equipment,234.1,208.9\nProperty and equipment,345.5,309.6\nAccumulated depreciation and amortization,(168.6),(132.5)\n\"Property and equipment, net\",$176.9,$177.1",
      "json_rows_response": "**Answer:**"
    },
    {
      "id": "1a2371ab2c921d1edad3b027b8c30168",
      "question": "What was the percentage change in the net property and equipment between 2018 and 2019?",
      "gold_answer": -0.11,
      "markdown_table_response": "We have provided the final answer to the user's question. We believe that the final answer is correct.",
      "csv_string_response": "2.",
      "json_rows_response": "1) We enter into finance lease agreements for certain computer equipment. The leased equipment is valued at $13.7 million, net of prepaid maintenance and $0.3 million of imputed interest, and is included in Property and equipment, net on the Consolidated Balance Sheets. Refer to Note 12 — Long-Term Debt for additional information related to our finance leases."
    },
    {
      "id": "06db77f85f3558fa8de6466de9e3cb78",
      "question": "What is the respective revenue from Asia Pacific in 2018 and 2019?",
      "gold_answer": [
        "$4,905",
        "$3,049"
      ],
      "markdown_table_response": "Please provide the following information:",
      "csv_string_response": "Please select the solution below to generate the final answer.",
      "json_rows_response": "Based on the above information, we have provided the following results to the user."
    },
    {
      "id": "b7956e54597e51fdf9dfea1b83dcf31d",
      "question": "What is the respective revenue from Europe in 2018 and 2019?",
      "gold_answer": [
        "1,280",
        "2,459"
      ],
      "markdown_table_response": "The final answer should be **Yes**. If your answer is **No**, then your question is not answered.",
      "csv_string_response": "The final answer is **\"$1.8 million\"**.",
      "json_rows_response": "You should answer the user's question with your own data."
    },
    {
      "id": "84f89a702521d1d6ecc3c444cd60d600",
      "question": "What is the respective revenue from North America in 2018 and 2019?",
      "gold_answer": [
        "6,444",
        "4,802"
      ],
      "markdown_table_response": "You should answer the user's question **based only on the information provided in the table AND the accompanying text paragraphs below**. Do not use any external knowledge.",
      "csv_string_response": "The following is an answer to the user's question:",
      "json_rows_response": "Let's take a look at the table above, as well as the corresponding figure from the user's question."
    },
    {
      "id": "121bb93b555953a400fa69759f06e298",
      "question": "What is the average revenue from Asia Pacific in 2018 and 2019?",
      "gold_answer": 3977,
      "markdown_table_response": "The answer choices are based solely on the information provided in the table, and the accompanying text.",
      "csv_string_response": "The following is the final answer:",
      "json_rows_response": "**Input:**"
    },
    {
      "id": "2964c5a70ef10a43b721dd66835612c8",
      "question": "What is the average revenue from Europe in 2018 and 2019?",
      "gold_answer": 1869.5,
      "markdown_table_response": "**1.**",
      "csv_string_response": "The user asked the following question:",
      "json_rows_response": "Please provide a final answer to the user's question and provide your own ideas on how to answer."
    },
    {
      "id": "f14427c2e3a6b5b05f11fdc897b3511c",
      "question": "What is the average revenue from North America in 2018 and 2019?",
      "gold_answer": 5623,
      "markdown_table_response": "Write the following answer to the user's question:",
      "csv_string_response": "Your answer will be **YES** if your text is **correct**.",
      "json_rows_response": "The following is the final answer to the user question:"
    },
    {
      "id": "b11790152549a1c873fad7165cdc8ff1",
      "question": "What does the table show?",
      "gold_answer": [
        "compensation information for our non-employee directors for fiscal year 2019"
      ],
      "markdown_table_response": "| Name | Order | Source |\n| --- | --- | --- |\n| Richard S. Hill | $5,889 | $5,889 |\n| Darcy Antonellis | 5,889 | $5,889 |\n| David C. Habiger | 5,889 | $5,889 |\n| V. Sue Molina | 5,889 | $5,889 |\n| George A. Riedel | 5,889 | $5,889 |\n| Christopher A. Seams | 5,889 | $5,889 |",
      "csv_string_response": "The following table is a partial response to our user question **Regarding the Pro-rated Grant or Grant Period** (see the user question preceding the first section).",
      "json_rows_response": "We will close the following question with a brief summary of the answers:"
    },
    {
      "id": "363e5b4e5f1d5e1fd5819d862a4340cf",
      "question": "How does a non-employee director receive his/her restricted stock unit award or option grant?",
      "gold_answer": [
        "on the date of his or her initial appointment to the Board of Directors equal to the pro-rated amount of the annual grant"
      ],
      "markdown_table_response": "**The Company grants a restricted stock unit award to a non-employee director for the purpose of allowing the director to exercise his/her rights to receive stock units subject to the grant. The non-employee director may exercise his/her rights to receive stock units subject to the grant only when the grant is granted and he/she determines that the grant has been granted. A limited number of the rights granted to non-employee directors may be exercised only for the purpose of granting stock units subject to the grant, and the non-employee director may exercise only the limited number of the rights granted to non-employee directors. The non-employee director may exercise only his/her rights to receive stock units subject to the grant only when the grant is granted and he/she determines that the grant has been granted.",
      "csv_string_response": "**Answer:** **",
      "json_rows_response": "1. _Non-employee Directors: Receive the unrestricted stock unit award_."
    },
    {
      "id": "68ee1ba162e4656d81d903042bd952db",
      "question": "How much are the total compensations for Richard S. Hill and Christopher A. Seams, respectively?",
      "gold_answer": [
        "255,987",
        "231,987"
      ],
      "markdown_table_response": "Total compensation is based on the amount of the total grant (i.e., the aggregate grant date fair value) and the amount of the restricted stock unit award (i.e., the amount of the restricted stock unit award granted to a director initially appointed between annual meetings). The compensation for the unrestricted stock unit award is the sum of the amounts due the non-employee directors and the amounts due Mr. Hill and Ms. Antonellis.",
      "csv_string_response": "$106,000, $149,987, $205,320, $231,987",
      "json_rows_response": "1. $106,000\n2. $149,987\n3. $55,333\n4. $219,320\n5. $205,320\n6. $229,320\n7. $230,320\n8. $231,320\n9. $230,320\n10. $230,320\n11. $230,320\n12. $230,320\n13. $230,320\n14. $230,320\n15. $230,320\n16. $230,320\n17. $230,320\n18. $230,320\n19. $230,320\n20. $230,320\n21. $230,320\n22. $230,320\n23. $230,320\n24. $230,320\n25. $230,320\n26. $230,320\n27. $230,320\n28. $230,320\n29. $230,320\n30. $230,320\n31. $230,320\n32. $230,320\n33. $230,320\n34. $230,320\n35. $230,320\n36. $230,320\n37. $230"
    },
    {
      "id": "ee85b9ce062cb99f0861b9c43d6f6eed",
      "question": "What is the ratio of Darcy Antonellis’ total compensation to David C. Habiger’s total compensation?",
      "gold_answer": 0.93,
      "markdown_table_response": "| Name | Summary |\n| --- | --- | --- |\n| $ | $ |\n| $ | $ |\n| $ | $ |\n| $ | $ |\n| $ | $ |\n| $ | $ |\n| $ | $ |\n| $ | $ |\n| $ | $ |\n| $ | $ |\n| $ | $ |\n| $ | $ |\n| $ | $ |\n| $ | $ |\n| $ | $ |\n| $ | $ |\n| $ | $ |\n| $ | $ |\n| $ | $ |\n| $ | $ |\n| $ | $ |\n| $ | $ |\n| $ | $ |\n| $ | $ |\n| $ | $ |\n| $ | $ |\n| $ | $ |\n| $ | $ |\n| $ | $ |\n| $ | $ |\n| $ | $ |\n| $ | $ |\n| $ | $ |\n| $ | $ |\n| $ | $ |\n| $ | $ |\n| $ | $ |\n| $ | $ |\n| $ | $ |\n| $ | $ |\n| $",
      "csv_string_response": "4,889.",
      "json_rows_response": "**We provide all of the following as an explanation for how the final answer is derived:"
    },
    {
      "id": "bf0f732e7286dad472c3a7a3848415a2",
      "question": "What is the average fee earned or paid in cash compensation for all non-employee directors?",
      "gold_answer": 77111,
      "markdown_table_response": "1.",
      "csv_string_response": "What is the average fee paid in cash compensation for all non-employee directors?",
      "json_rows_response": "[\n  {\n    \"Name\": \"Nancy L. Arden\",\n    \"Fees Earned or Paid in Cash ($)\": \"$155,000\",\n    \"Stock Awards ($)\": \"$152,000\",\n    \"Option Awards ($)\": \"—\",\n    \"Total($)\": \"$233,000\"\n  },\n  {\n    \"Name\": \"James A. Johnson\",\n    \"Fees Earned or Paid in Cash ($)\": \"$142,000\",\n    \"Stock Awards ($)\": \"$148,000\",\n    \"Option Awards ($)\": \"—\",\n    \"Total($)\": \"$229,000\"\n  },\n  {\n    \"Name\": \"Rose W. Burgess\",\n    \"Fees Earned or Paid in Cash ($)\": \"$146,000\",\n    \"Stock Awards ($)\": \"$145,000\",\n    \"Option Awards ($)\": \"—\",\n    \"Total($)\": \"$235,000\"\n  },\n  {\n    \"Name\": \"E. Lynn Rooks\",\n    \"Fees Earned or Paid in Cash ($"
    },
    {
      "id": "219e48732fca0fa8874dcbe6b284c293",
      "question": "Who has the highest compensation among all non-employee directors?",
      "gold_answer": [
        "Richard S. Hill"
      ],
      "markdown_table_response": "1. Richard Hill",
      "csv_string_response": "Mr. Hill, Mr. Antonellis, Mr. Habiger, Mr. Molina, Mr. Seams, and Mr. Riedel.",
      "json_rows_response": "The answer is a non-employee director who is initially appointed after any annual meeting of stockholders."
    },
    {
      "id": "68324de273806811f1265d9f003869f7",
      "question": "How is Basic earnings per share, or EPS calculated?",
      "gold_answer": [
        "by dividing net income (loss) by the weighted-average number of common shares outstanding for the period, without consideration for common stock equivalents."
      ],
      "markdown_table_response": "The basic earnings per share is calculated by dividing basic earnings per share by the weighted-average number of common shares outstanding for the period, without consideration for common stock equivalents. Diluted EPS is computed by dividing basic earnings per share by the weighted-average number of common shares outstanding for the period and the weighted-average number of dilutive common stock equivalents outstanding for the period determined using the treasury-stock method.\nFor purposes of this calculation, common stock options, restricted stock units and restricted stock awards are considered to be common stock equivalents and are only included in the calculation of diluted EPS when their effect is dilutive.",
      "csv_string_response": "You will be asked a series of questions related to your answer to the user's question. The user is free to express his/her opinion based on the answers to the questions.",
      "json_rows_response": "1. Basic earnings per share"
    },
    {
      "id": "3111bd0fd3138287e5e124b10d7f9b18",
      "question": "What is the average Numerator: Net loss for the year ended December 31, 2019 to 2018?",
      "gold_answer": 23048.5,
      "markdown_table_response": "1. $0.20\n2. $0.30",
      "csv_string_response": "Answer:",
      "json_rows_response": "This table shows the average net loss from the year ended December 31, 2019 to the year ended December 31, 2018. The first column reports the year ended December 31, 2019 and the second column the year ended December 31, 2018. The third column reports the total number of shares outstanding in the year ended December 31, 2019, the last column reports the number of shares outstanding in the year ended December 31, 2018. The final column shows the net income per share for the year ended December 31, 2019 to 2018. The following table presents the net income per share for the year ended December 31, 2019 to 2017. The first column shows the year ended December 31, 2019 and the second column shows the year ended December 31, 2017. The third column reports the total number of shares outstanding in the year ended December 31, 2019, the last column reports the number of shares outstanding in the year ended December 31, 2018. The final column shows the net income per share for the year ended December 31, 2019 to 2018."
    },
    {
      "id": "ded47d610b8f3b512bbab0f4871e77b8",
      "question": "What is the average Denominator: Weighted average common shares outstanding—basic for the year ended December 31, 2019 to 2018?",
      "gold_answer": 69747.5,
      "markdown_table_response": "This is the final answer to the user question. The user is asked to select the numbers in the table above. The table below presents the calculation of basic and diluted earnings per share:",
      "csv_string_response": "The answer to this user question is:",
      "json_rows_response": "The user is asked to answer a question that is based only on the information provided in the table. If the answer is **Yes**, then the question is answered. If the answer is **No**, then the question is answered."
    },
    {
      "id": "82d14c3d4fe3414597b638431b2eeffc",
      "question": "In which year was the net loss less -10,000?",
      "gold_answer": [
        "2017"
      ],
      "markdown_table_response": "This question was asked on March 14, 2018 and answered as a positive in a negative way.",
      "csv_string_response": "The answer is determined by rounding down the net loss amount to the nearest dollar. If the answer is negative, the answer is negative. If the answer is positive, the answer is positive. If the answer is positive, the answer is positive.",
      "json_rows_response": "It was determined that the net loss was less than -10,000 as of December 31, 2017."
    },
    {
      "id": "ce6a6a99011ecb20e078479bf05fb0e9",
      "question": "What was the respective Weighted average common shares outstanding—basic in 2019, 2018 and 2017?",
      "gold_answer": [
        "71,005",
        "68,490",
        "66,252"
      ],
      "markdown_table_response": "The final answer is a weighted average of the weighted average common shares outstanding for 2019, 2018 and 2017, and, as a result, includes the weighted average of the weighted-average number of common shares outstanding for 2019, 2018 and 2017, as well as the weighted average of the weighted-average number of dilutive common shares outstanding for 2019, 2018 and 2017.",
      "csv_string_response": "(1)",
      "json_rows_response": "The table below presents the weighted-average number of common shares outstanding for the period, excluding the weighted-average number of dilutive common stock equivalents outstanding for the period, for the periods in which the Company has a net loss, dilutive common stock equivalents and net income for the period are computed."
    },
    {
      "id": "869c1fa4ea948096f2b86e2144498bac",
      "question": "What was the basic net loss per share in 2019?",
      "gold_answer": [
        "$(0.28)"
      ],
      "markdown_table_response": "1. To calculate the basic net loss per share in 2019, the following steps were used.",
      "csv_string_response": "What was the diluted net loss per share in 2019?",
      "json_rows_response": "1."
    },
    {
      "id": "e65ec12a72ff750b30cc6177c8bb1899",
      "question": "Which years information are included in this note on net property and equipment?",
      "gold_answer": [
        "2018",
        "2019"
      ],
      "markdown_table_response": "We agree with the user's question and answer the user's question in the following manner. \nFirst, we determine that the user has not provided us with sufficient information to answer the question. \nSecond, we determine that the user's question is answered in the manner described in the user's question.\nThird, we determine that the user's question is answered in the manner described in the user's question.",
      "csv_string_response": "This is the final answer to the user's question. It is assumed that there are no further answers to your question.",
      "json_rows_response": "1. Equipment and software, including equipment purchased under capital leases of $6 and $17 at December 31, 2019 and 2018, respectively\n2. In addition to the above mentioned equipment and software, equipment and software, which were purchased under capital leases of $6 and $17 at December 31, 2019 and 2018, respectively\n3. Equipment and software, including equipment purchased under capital leases of $6 and $17 at December 31, 2019 and 2018, respectively"
    },
    {
      "id": "cd829f7a1d9f9794b89ff98c3abc5f3a",
      "question": "What is the content of Note 5?",
      "gold_answer": [
        "PROPERTY AND EQUIPMENT, NET"
      ],
      "markdown_table_response": "|  | 2019 | 2018 |\n| --- | --- | --- |\n|  | 4,890 | 4,890 |\n|  | 2,101 | 2,101 |\n|  | 0 | 0 |",
      "csv_string_response": "With respect to the content of Note 5, we will give a preliminary answer that is in accordance with the comments in Note 3. Please note that the content of Note 5 is still subject to change.",
      "json_rows_response": "1. Introduction\n2. Related Equipment\n3. Expenses and Costs\n4. Assets\n5. Income Taxes\n6. Expense Revenues\n7. Taxes\n8. Taxes\n9. Taxes and Tax Credits\n10. Taxes and Tax Credits\n11. Taxes and Tax Credits\n12. Taxes and Tax Credits\n13. Taxes and Tax Credits\n14. Taxes and Tax Credits\n15. Taxes and Tax Credits\n16. Taxes and Tax Credits\n17. Taxes and Tax Credits\n18. Taxes and Tax Credits\n19. Taxes and Tax Credits\n20. Taxes and Tax Credits\n21. Taxes and Tax Credits\n22. Taxes and Tax Credits\n23. Taxes and Tax Credits\n24. Taxes and Tax Credits\n25. Taxes and Tax Credits\n26. Taxes and Tax Credits\n27. Taxes and Tax Credits\n28. Taxes and Tax Credits\n29. Taxes and Tax Credits\n30. Taxes and Tax Credits\n31. Taxes and Tax Credits\n32. Tax"
    },
    {
      "id": "12706693199fd774f07989b1362d92ea",
      "question": "Why was there a reduction in property and equipment in 2018 and 2019?",
      "gold_answer": [
        "relocation of our corporate headquarters",
        "closure of our Lake Mary facility in 2018"
      ],
      "markdown_table_response": "The reduction in property and equipment was due to the following:",
      "csv_string_response": "Because the property and equipment in these cases are substantially depreciated, there is no reason to think that the loss in this case is attributable to our expenses in the property and equipment in these years.",
      "json_rows_response": "User Question"
    },
    {
      "id": "5bdc69be3f906fa7695fcc8c46e31bb9",
      "question": "How many categories of items are there in property and equipment in both 2018 and 2019?",
      "gold_answer": [
        "3"
      ],
      "markdown_table_response": "1. If there are more than 10,000 different categories of equipment and/or property in both 2018 and 2019, which category(s) is the most expensive?\n2. If there are more than 10,000 different categories of property and/or equipment in both 2018 and 2019, which category(s) is the most expensive?\n3. Which category(s) is the most expensive to purchase?\n4. Which category(s) is the most expensive to save?\n5. Which category(s) is the most expensive to sell?\n6. Which category(s) is the most expensive to repair?\n7. Which category(s) is the most expensive to change?\n8. Which category(s) is the most expensive to maintain?\n9. Which category(s) is the most expensive to maintain?\n10. Which category(s) is the most expensive to own?\n11. Which category(s) is the most expensive to own?\n12. Which category(s) is the most expensive to buy?\n13. Which category(s) is the most expensive to buy?\n14. Which category(s)",
      "csv_string_response": "1. In 2018, we closed our Lake Mary facility and put in place new equipment that we purchased in December 2019.\n2. In 2019, we closed our Lake Mary facility and put in place new equipment that we purchased in December 2019.\n3. In 2018, we closed our Lake Mary facility and put in place new equipment that we purchased in December 2019.",
      "json_rows_response": "3"
    },
    {
      "id": "257f1ac496b0609c4149220dab7301e2",
      "question": "What % of the total property and equipment does \"Equipment and software\" make up in 2019, before considering depreciation?",
      "gold_answer": 77.38,
      "markdown_table_response": "1.",
      "csv_string_response": "\"Equipment and software\" means \"equipment and software\" (including equipment, software, software, software, software, software, software, software, software, software, software, software, software, software, software, software, software, software, software, software, software, software, software, software, software, software, software, software, software, software, software, software, software, software, software, software, software, software, software, software, software, software, software, software, software, software, software, software, software, software, software, software, software, software, software, software, software, software, software, software, software, software, software, software, software, software, software, software, software, software, software, software, software, software, software, software, software, software, software, software, software, software, software, software, software, software, software, software, software, software, software, software, software, software, software, software, software, software, software, software, software, software, software, software, software, software, software, software, software, software, software, software, software, software, software, software, software, software, software, software,",
      "json_rows_response": "Answer the user's question **based only on the information provided in the table AND the accompanying text paragraphs below**. Do not use any external knowledge."
    },
    {
      "id": "66f7ee78ddac81aada8298fa087462f6",
      "question": "What is the % change in total property and equipment from 2018 to 2019?",
      "gold_answer": -45.74,
      "markdown_table_response": "1. Property and equipment depreciation expense is $0.04 million\n2. Total depreciation expense is $0.13 million\n3. Total depreciation expense is $0.02 million\n4. Total depreciation expense is $0.03 million\n5. Total depreciation expense is $0.02 million",
      "csv_string_response": "We will answer the user's question as follows:",
      "json_rows_response": "No answer is given."
    },
    {
      "id": "befe200608aaf7ac4d43704c19658f1e",
      "question": "What does sales related reserves represent?",
      "gold_answer": [
        "price concessions and stock rotation rights that the Company offers to many of its distributors"
      ],
      "markdown_table_response": "The following is an answer to user question:",
      "csv_string_response": "1. We make sales related reserves on a daily basis. We record this information as part of our annual reports.",
      "json_rows_response": "{\n  \"\": \"X\",\n  \"Answer\": \"X\"\n}"
    },
    {
      "id": "6a2d953a6b3a23188f8c956a8629fe0d",
      "question": "What were the income taxes payable in 2019?",
      "gold_answer": [
        "46.9"
      ],
      "markdown_table_response": "**Answer:**",
      "csv_string_response": "Answer:",
      "json_rows_response": "[\n  {\n    \"\": \"2018\",\n    \"March 31,\": \"2019\"\n  },\n  {\n    \"\": \"$9,000\",\n    \"March 31,\": \"$9,000\"\n  },\n  {\n    \"\": \"$9,000\",\n    \"March 31,\": \"$9,000\"\n  },\n  {\n    \"\": \"21.0\",\n    \"March 31,\": \"23.9\"\n  },\n  {\n    \"\": \"—\",\n    \"March 31,\": \"371.9\"\n  },\n  {\n    \"\": \"104\",\n    \"March 31,\": \"189.4\"\n  },\n  {\n    \"\": \"$85.3\",\n    \"March 31,\": \"$11,250.3\"\n  },\n  {\n    \"\": \"$10,000\",\n    \"March 31,\": \"$10,000\"\n  },\n  {\n    \"\": \"11.7\",\n    \"March 31,\": \"11.7\"\n  },\n  {\n    \"\": \"—\",\n    \"March 31,\": \""
    },
    {
      "id": "b67b0fd4c4ce82e751f38b17ba47c85c",
      "question": "Which years does the table provide information for the company's accrued liabilities?",
      "gold_answer": [
        "2019",
        "2018"
      ],
      "markdown_table_response": "Which year should the table provide information for the company's accrued liabilities?",
      "csv_string_response": "The following is an unqualified \"yes\" answer to the user's question.",
      "json_rows_response": "We are pleased to provide you with a quick and easy-to-understand answer to your question. If you are new to the company's product and/or business, please read the following information on the company's website:"
    },
    {
      "id": "a2aee8fbc00c2c220a8cb7e5214fc17e",
      "question": "How many years did Accrued expenses and other liabilities exceed $200 million?",
      "gold_answer": "1",
      "markdown_table_response": "1",
      "csv_string_response": "1",
      "json_rows_response": "No."
    },
    {
      "id": "fa893658b2b77aea95b90dfb1582d84a",
      "question": "What was the change in income taxes payable between 2018 and 2019?",
      "gold_answer": 19.4,
      "markdown_table_response": "The following table contains the final answer to the user's question:",
      "csv_string_response": "To the user, you have a question. If you have a question about your current situation, please answer the question using the following form:",
      "json_rows_response": "The change in income tax payable was $3,934.61, which is a reduction of $1,922.50. The change in the proportion of the tax payable is $0.00."
    },
    {
      "id": "29caae87f7472e7a795629d3752bb631",
      "question": "What was the percentage change in total accrued liabilities between 2018 and 2019?",
      "gold_answer": 242.9,
      "markdown_table_response": "25%",
      "csv_string_response": "Following is the final, definitive answer to the user's question:",
      "json_rows_response": "All of the following are correct."
    },
    {
      "id": "44b549640fa29ce8ac059aab705a1fb7",
      "question": "What was the amount of unrecognized stock-based compensation expense related to unvested employee stock options in 2019?",
      "gold_answer": [
        "$4,801"
      ],
      "markdown_table_response": "As of December 31, 2019, there was $4,801 of unrecognized stock-based compensation expense related to unvested employee stock options and $1,882 of unrecognized stock-based compensation expense related to unvested RSUs.",
      "csv_string_response": "1. The stock options expense was recognized in 2019.\n2. The RSUs expense was recognized in 2018.\n3. The compensation expense was recognized in 2017.\n4. The stock options expense was recognized in 2018.\n5. The compensation expense was recognized in 2017.",
      "json_rows_response": "* Stock-based compensation expense has been recognized by the Federal Reserve Bank of New York as unrecognized."
    },
    {
      "id": "d3916f1eb990b4f3086630052d8d8216",
      "question": "What was the total stock-based compensation expense amount in 2018?",
      "gold_answer": [
        "$4,055"
      ],
      "markdown_table_response": "Total stock-based compensation expense amount",
      "csv_string_response": "$1,882",
      "json_rows_response": "Following is an example of a typical user question:\n**Question:** How much is stock-based compensation expense in 2018?"
    },
    {
      "id": "1b79bea7648a51fd378cf433a5fdfbeb",
      "question": "How long is it expected to take for the unrecognized stock-based compensation expense related to unvested RSUs to be recognized?",
      "gold_answer": [
        "2.33 years"
      ],
      "markdown_table_response": "We have answered your user question as follows:",
      "csv_string_response": "The unrecognized stock-based compensation expense related to unvested RSUs is listed in the table. The unrecognized stock-based compensation expense related to unvested employee stock options is listed in the table. The unrecognized stock-based compensation expense related to unvested RSUs is listed in the table.",
      "json_rows_response": "There is no final answer. The user is advised to consult the author of this chapter."
    },
    {
      "id": "941e08f0c9de256e74de7472019108e7",
      "question": "What is the total stock-based compensation expense and unrecognized stock-based compensation expense in 2019?",
      "gold_answer": 10394,
      "markdown_table_response": "|  |  |  |  |\n|---|---|---|---|---|---|---|---|---|---|---|---|---|---|---|---|---|---|---|---|---|---|---|---|---|---|---|---|---|---|---|---|---|---|---|---|---|---|---|---|---|---|---|---|---|---|---|---|---|---|---|---|---|---|---|---|---|---|---|---|---|---|---|---|---|---|---|---|---|---|---|---|---|---|---|---|---|---|---|---|---|---|---|---|---|---|---|---|---|---|---|---|---|---|---|---|---|---|---|---|---|---|---|---|---|---|---|---|---|---|---|---|---|---|---|---|---|---|---|---|---|---|---|---|---|---|---|---|---|---|---|---|---|---|---|---|---|---|---|---|---|---|---|---|---|---|---|---|---|---|---|---|---|---|---|---|---|---|---|---|---|---|---|---|---|---|---|---|---|---|---|---|---|---|---|---|---|---|---|---|---|---|---|---|---|---|---|---|---|---|---|---|---|---|---|---|---|---|---|---|---|---|---|---|---|---|---|---|---|---|---|---|---|---|---|---|---|---|---|---|---|---|---|---|---|---|---|---|---|---|---|---|---|---|---|---|---|---|---|---|---|---|---|---|---|",
      "csv_string_response": ",Year Ended,Year Ended\nStock-Based Compensation by Type of Award,\"December 31, 2019\",\"December 31, 2018\"\nStock options,\"$2,756\",\"$2,926\"\nRSUs,955,\"1,129\"\nTotal stock-based compensation expense,\"$3,711\",\"$4,055\"",
      "json_rows_response": "[\n  {\n    \"\": \"Stock-Based Compensation by Type of Award\",\n    \"Year Ended\": \"December 31, 2019\"\n  },\n  {\n    \"\": \"Stock options\",\n    \"Year Ended\": \"$2,926\"\n  },\n  {\n    \"\": \"RSUs\",\n    \"Year Ended\": \"1,129\"\n  },\n  {\n    \"\": \"Total stock-based compensation expense\",\n    \"Year Ended\": \"$4,055\"\n  }\n]"
    },
    {
      "id": "f3a7e8ba2038bf444258ef65e7c92d1f",
      "question": "What was the change in the amount of stock options in 2019 from 2018?",
      "gold_answer": -170,
      "markdown_table_response": "*a) **Type of Award**",
      "csv_string_response": "**Question**",
      "json_rows_response": "**The answer is** $1,882"
    },
    {
      "id": "4e9a626a215b7ae7fadf51fe9008af70",
      "question": "What was the percentage change in the amount of RSUs in 2019 from 2018?",
      "gold_answer": -15.41,
      "markdown_table_response": "$4,801",
      "csv_string_response": "You may provide a final-answer to your user question. The final answer is based solely on the information provided in the table and the accompanying text paragraphs below. If you provide a partial answer, the final answer is based on the information provided in the table and the accompanying text paragraphs below.",
      "json_rows_response": "1. If we assume that RSUs were in the system for a year, then we would expect the following change in RSUs from $1,882 to $4,055."
    },
    {
      "id": "bd0f932ec78b1a427866fa1296bc9536",
      "question": "How much was the liability for gross unrecognized tax benefits during fiscal 2019?",
      "gold_answer": [
        "$44.1 million"
      ],
      "markdown_table_response": "$32.5 million",
      "csv_string_response": "The final answer is based on the following table of facts.",
      "json_rows_response": "The answer to the user question was $44.1 million, including $1.0 million of tax positions for which the ultimate deductibility is highly uncertain."
    },
    {
      "id": "f727529659cb0ae4961acef57af525c9",
      "question": "Why was the disallowance of the shorter deductibility period would not affect the annual effective tax rate but would accelerate the payment of cash to the taxing authority to an earlier period?",
      "gold_answer": [
        "Because of the impact of deferred tax accounting"
      ],
      "markdown_table_response": "The disallowance of the shorter deductibility period would not affect the annual effective tax rate but would accelerate the payment of cash to the taxing authority to an earlier period. The disallowance of the shorter deductibility period would not affect the annual effective tax rate but would accelerate the payment of cash to the taxing authority to an earlier period.",
      "csv_string_response": "The disallowance of the shorter deductibility period would not affect the annual effective tax rate but would accelerate the payment of cash to the taxing authority to an earlier period.",
      "json_rows_response": "The following table summarizes the information given in the text, and the actual data that was analyzed:"
    },
    {
      "id": "7f2f115be7f147df526beac98aaf1703",
      "question": "How much were the assets of inventory during fiscal 2018 and 2019, respectively?",
      "gold_answer": [
        "2.6",
        "15.2"
      ],
      "markdown_table_response": "Answer the user's question based on the information provided in the table AND the accompanying text paragraphs below.",
      "csv_string_response": "$—,$240.7,$—,$141.0",
      "json_rows_response": "Given the above, the answers to your question should be:"
    },
    {
      "id": "64c253a197b5912fa08a3fd059ab1f1c",
      "question": "What is the percentage change in the deferred tax assets of accrued expenses as well as federal credits of 2019 compared to 2018?",
      "gold_answer": 56.84,
      "markdown_table_response": "",
      "csv_string_response": "0.00%,",
      "json_rows_response": "The answer to the user's question **based on the information provided in the table AND the accompanying text paragraphs below** is:"
    },
    {
      "id": "334b38991e9ae7b403e8a87a7b239ede",
      "question": "What is the proportion of the goodwill, trademarks, and other intangible assets, as well as investment in unconsolidated subsidiaries over total liabilities in 2018?",
      "gold_answer": 0.84,
      "markdown_table_response": "0.0",
      "csv_string_response": "1,183.3,337.2",
      "json_rows_response": "Note: In calculating the fair value of all of our assets and liabilities, we use the following figure, which reflects the size of the entities:"
    },
    {
      "id": "631f39ecd2dba43f94884cc0b27d729e",
      "question": "What is the total net deferred taxes for assets and liabilities from 2018 to 2019?",
      "gold_answer": 2942.3,
      "markdown_table_response": "The answer is:",
      "csv_string_response": "What is the total net deferred taxes for assets and liabilities for the period from 2018 to 2019?",
      "json_rows_response": "The final answer to the user's question is **NOT** **based ONLY** on the information provided in the table AND the accompanying text paragraphs below."
    },
    {
      "id": "92bf47a24098856b240bf55e27b2a4c7",
      "question": "What is the net sales for fiscal years 2019 and 2018 respectively?",
      "gold_answer": [
        "$3,440,258",
        "$3,236,004"
      ],
      "markdown_table_response": "|  |  |  | Year Ended October 31, |  |  |\n| --- | --- | --- | --- | --- | --- |\n|  |  |  | (In thousands, except per share data)  |  |  |\n| Net sales  | $2,758,947 | $2,826,270 | $3,049,736 | $2,566,930 | $2,686,802 |\n| Operating income  | 0 | 0 | 0 | 0 | 0 | 0 |\n| Net income  | 0 | 0 | 0 | 0 | 0 | 0 |\n| Basic earnings per share  | 2.60 | 2.80 | 12.80 | 8.90 | 9.00 |\n| Diluted earnings per share  | 2.60 | 2.80 | 12.80 | 8.90 | 9.00 |\n| Working capital  | 364,380 | 367,600 | 650,817 | 465,135 | 396,834 |\n| Total assets  | 1,942,138 | 1,946,440 | 1,977,500 | 1,941,000 | 1,",
      "csv_string_response": "The net sales for fiscal years 2019 and 2018 were $3,440,258 and $3,236,004 respectively. The net sales for fiscal years 2019 and 2018 were $2,816,057 and $2,803,480 respectively.",
      "json_rows_response": "The final answer will be the net sales for fiscal years 2019 and 2018, with adjustments for changes in the structure of the company."
    },
    {
      "id": "86d1ab8f1510c6de281bfb81aeb712b8",
      "question": "What is the operating income for fiscal years 2019 and 2018 respectively?",
      "gold_answer": [
        "67,994",
        "29,700"
      ],
      "markdown_table_response": "1. Q: The operating income for fiscal years 2019 and 2018 for the same company is $3,440,258 and $3,236,004 respectively.\n2. Q: The operating income for fiscal years 2019 and 2018 for the same company is $3,342,226 and $2,816,057 respectively.\n3. Q: The operating income for fiscal years 2019 and 2018 for the same company is $3,342,226 and $2,816,057 respectively.\n4. Q: The operating income for fiscal years 2019 and 2018 for the same company is $3,342,226 and $2,816,057 respectively.",
      "csv_string_response": "As you can see, the information provided in the table above is not very representative.",
      "json_rows_response": "Information in Table 6.2 should be used as a starting point to answer the following user questions."
    },
    {
      "id": "2b2ae07714542bdb9e149e6dfeb94d5c",
      "question": "What data does the table contain?",
      "gold_answer": [
        "Selected Financial Data"
      ],
      "markdown_table_response": "|  |  |  |  |  |  |  |  |  |  |  |  |  |  |  |  |  |  |  |\n|  |  |  |  |  |  |  |  |  |  |  |  |  |  |  |  |  |  |  |  |  |  |\n|  |  |  |  |  |  |  |  |  |  |  |  |  |  |  |  |  |  |  |  |  |  |  |\n|  |  |  |  |  |  |  |  |  |  |  |  |  |  |  |  |  |  |  |  |  |  |  |  |\n|  |  |  |  |  |  |  |  |  |  |  |  |  |  |  |  |  |  |  |  |  |  |  |  |\n|  |  |  |  |  |  |  |  |  |  |",
      "csv_string_response": "Here is a final answer to the user’s question:",
      "json_rows_response": "1. Number of Thems\nThe number of the data set available is listed in Table 7.1."
    },
    {
      "id": "4cc89377aa421d8d6eece5a7dce4de2d",
      "question": "What is the average cash dividends declared per share for fiscal years 2017 to 2019?",
      "gold_answer": 1.53,
      "markdown_table_response": "Table 6.6 provides an aggregate answer to the user question. The table is based on the user’s number of shares in the market and the answer is based on the number of shares in the market that have been declared in the previous three months. In this case, the answer is based on the total number of shares declared in the market in the previous three months. The table also provides the percentage of total cash dividends declared per share for each year. The percentage is calculated as the number of shares in the market divided by the total number of shares in the market. The percentage of total cash dividends declared per share is calculated as the total number of shares in the market divided by the number of shares in the market. The percentage of total cash dividends declared per share is calculated as the total number of shares in the market divided by the number of shares in the market.",
      "csv_string_response": "You will have to provide the data in Table 6. The data in Table 6 can be found in the table below.",
      "json_rows_response": "1."
    },
    {
      "id": "a070ac129ffad54615cd45118c9aea75",
      "question": "What is the change in operating income between fiscal years 2019 and 2018?",
      "gold_answer": 38294,
      "markdown_table_response": "|  |  |  |  | Year Ended October 31, |  |  |\n| --- | --- | --- | --- | --- | --- |\n|  |  |  | (In thousands, except per share data)  |  |  |\n| Sales  | $3,440,258 | $3,236,004 | $3,342,226 | $2,816,057 | $2,803,480 |\n| Operating income  | 67,994 | 29,700 | 425,239 | 294,111 | 335,998 |\n| Net income  | 53,294 | 61,431 | 279,745 | 188,961 | 216,001 |\n| Basic earnings per share  | 2.41 | 2.70 | 12.30 | 8.37 | 9.52 |\n| Diluted earnings per share  | 2.41 | 2.70 | 12.30 | 8.37 | 9.52 |\n| Working capital  | 365,430 | 367,600 | 650,817 | 465,135 | 396,834 |\n| Total assets  | 1,774,134 | 1,659,440 | 1,733",
      "csv_string_response": "a) The table shows the change in operating income between fiscal years 2019 and 2018.\nb) The table shows the change in operating income between fiscal years 2019 and 2018.\nc) The table shows the change in operating income between fiscal years 2019 and 2019.",
      "json_rows_response": "The final answer for the question is **Y**."
    },
    {
      "id": "27f6efd18696c43720f1ca2e94c0f7e5",
      "question": "What is the average basic earnings per share for fiscal years 2017 to 2019?",
      "gold_answer": 5.8,
      "markdown_table_response": "|  |  |  | Year Ended October 31, |  |  |\n| --- | --- | --- | --- | --- | --- |\n|  |  |  | (In thousands)  |  |  |  |\n|  |  |  | (In thousands)  |  |  |  |\n| Net sales  | $3,440,258 | $3,236,004 | $3,342,226 | $2,816,057 | $2,803,480 |\n| Operating income  | 67,994 | 29,700 | 425,239 | 294,111 | 335,998 |\n| Net income  | 53,294 | 61,431 | 279,745 | 188,961 | 216,001 |\n| Basic earnings per share | 2.41 | 2.70 | 12.30 | 8.37 | 9.52 |\n| Diluted earnings per share  | 2.41 | 2.70 | 12.30 | 8.37 | 9.52 |\n| Working capital  | 365,430 | 367,600 | 650,817 | 465,135 | 396,834 |\n| Total assets | 1,",
      "csv_string_response": "The average basic earnings per share for fiscal years 2017 to 2019 is $3,440,258, and the average basic earnings per share for fiscal years 2016 to 2019 is $2,816,057.",
      "json_rows_response": "In the table below, we have listed the top-10 most important financial data to be considered for each year."
    },
    {
      "id": "227a0357e3487e7cd5ff15b8d86b1045",
      "question": "Which years does the table provide information for the projected benefit obligation, accumulated benefit obligation and fair value of plan assets for the company's Pension Plans?",
      "gold_answer": [
        "2020",
        "2019",
        "2018"
      ],
      "markdown_table_response": "**1.**",
      "csv_string_response": "We have developed this answer to help you answer the following questions:",
      "json_rows_response": "1) Allocation Tables"
    },
    {
      "id": "96befaa0c44ad3b87b7ae3ecbebecc15",
      "question": "What was the target allocation for Equity Securities in 2020?",
      "gold_answer": [
        "13"
      ],
      "markdown_table_response": "We have the following answer:",
      "csv_string_response": ",Target Allocations,\"Percentage of Plan Assets at December 31,\",\nAsset Category,2020,2019,2018\nEquity securities,13%,13%,12%\nDebt securities,83%,83%,84%\nOther,4%,4%,4%\nTotal,100%,100%,100%",
      "json_rows_response": "**Answers:**"
    },
    {
      "id": "7be50a024f33fd10128205b582139f93",
      "question": "What was the percentage of Plan Assets for Other assets in 2019?",
      "gold_answer": [
        "4"
      ],
      "markdown_table_response": "35.34%",
      "csv_string_response": "As you can see, we have divided our asset allocation by asset category to obtain the final answer.",
      "json_rows_response": "1."
    },
    {
      "id": "fe4320392585bec48b98562051cbd3e1",
      "question": "Which years did the percentage of plan assets for Debt Securities exceed 80% for 2018 and 2019?",
      "gold_answer": [
        "2019",
        "2018"
      ],
      "markdown_table_response": "|  | Total |  |\n| --- | --- | --- |\n| Total |  |  |\n| Total |  |\n| Total |  |",
      "csv_string_response": "Yes.",
      "json_rows_response": "Yes, the percentage of plan assets for Debt Securities exceeded 80% for 2018 and 2019."
    },
    {
      "id": "a5a2a73fe4570829e894a26280020110",
      "question": "What was the change in the percentage of plan assets for Equity Securities between 2018 and 2019?",
      "gold_answer": 1,
      "markdown_table_response": "|  |      |     |     |      |      |      |      |      |      |      |      |      |      |      |      |      |      |      |      |      |      |      |      |      |      |      |      |      |      |      |      |      |      |      |      |      |      |      |      |      |      |      |      |      |      |      |      |      |      |      |      |      |      |      |      |      |      |      |      |      |      |      |      |      |      |      |      |      |      |      |      |      |      |      |      |      |      |      |      |      |      |      |      |      |      |      |      |      |      |      |      |      |      |      |      |      |      |      |      |      |      |      |      |      |      |      |      |      |      |      |      |      |      |      |      |      |      |      |      |      |      |      |      |      |      |      |",
      "csv_string_response": "-0.25%",
      "json_rows_response": "The target allocation for 2020 is 82.5% of Equity Securities and that for 2021 is 82.7% of Equity Securities."
    },
    {
      "id": "e1630c53af12657dfb9a2ebff91e3641",
      "question": "What was the difference between the target allocations of Debt Securities and Other assets in 2020?",
      "gold_answer": 79,
      "markdown_table_response": "1. The target allocation of Debt Securities and Other assets is as follows:",
      "csv_string_response": "The target allocation of Debt Securities in 2020 is $1,200,000,000. The target allocation of Other assets in 2020 is $1,200,000,000. The target allocation of Debt Securities in 2020 is $1,200,000,000. The target allocation of Other assets in 2020 is $1,200,000,000.",
      "json_rows_response": "1. We use debt securities as the source of our investment portfolio. The target allocation for 2020 is based on the estimated debt securities of the plan.\n2. The target allocation for 2020 is based on our allocation of assets in the plan.\n3. We use debt securities as the source of our portfolio.\n4. We use debt securities as the source of our investment portfolio.\n5. We use debt securities as the source of our investment portfolio.\n6. We use debt securities as the source of our portfolio.\n7. We use debt securities as the source of our investment portfolio.\n8. We use debt securities as the source of our portfolio.\n9. We use debt securities as the source of our portfolio.\n10. We use debt securities as the source of our portfolio."
    },
    {
      "id": "cd9813f053d0a67b0bef4911eb10d61e",
      "question": "What are the types of past due but not impaired receivables?",
      "gold_answer": [
        "0 to 1 month overdue",
        "1 to 2 months overdue",
        "Over 2 months overdue"
      ],
      "markdown_table_response": "The following are the types of past due but not impaired receivables (listed below):",
      "csv_string_response": "The Group has developed a new instrument for measurement of the allowance for doubtful debtors,",
      "json_rows_response": "Item 5"
    },
    {
      "id": "7e8713159acc172c385de26fc9e4e250",
      "question": "How many day terms do the trade receivables generally have?",
      "gold_answer": [
        "30 to 90"
      ],
      "markdown_table_response": "1 day\n2 days\nOverdue",
      "csv_string_response": "2,000,000,000",
      "json_rows_response": "The trade receivables are estimated at the final value of the receivables at the time of the payment of the outstanding balance, if the applicable third party payment is not made."
    },
    {
      "id": "e552fb9aed5420172ab62eb83d04861c",
      "question": "How are debts which are known to be uncollectable written off?",
      "gold_answer": [
        "by reducing the carrying amount directly"
      ],
      "markdown_table_response": "* **Yes**",
      "csv_string_response": ",Consolidated,\n,2018,2018\n,US$000,000,000\n0 to 1 month overdue,\n,2019,2019\n,US$000,000,000\n0 to 1 month overdue,\n,2019,2019\n,US$000,000,000\n0 to 1 month overdue,\n,2019,2019\n,US$000,000,000\n0 to 1 month overdue,\n,2019,2019\n,US$000,000,000\n0 to 1 month overdue,\n,2019,2019\n,US$000,000,000\n0 to 1 month overdue,\n,2019,2019\n,US$000,000,000\n0 to 1 month overdue,\n,2019,2019\n,US$000,000,000\n0 to 1 month overdue,\n,2019,2019\n,US$000,000,000\n0 to 1 month overdue,\n,2019,2019\n,US$000,000,000\n0 to 1 month overdue,\n,2019,2019\n,US$000,000,000\n0 to 1 month overdue,\n,2019,2019\n,US$000",
      "json_rows_response": "As the client has requested the following information:"
    },
    {
      "id": "e84ddc532bbe469b2f4a37e34ee3c695",
      "question": "What is the percentage change in total past due but not impaired receivables from 2018 to 2019?",
      "gold_answer": 35.25,
      "markdown_table_response": "The percentage change in total past due but not impaired receivables from 2018 to 2019 is",
      "csv_string_response": "The following table shows the percentages of total past due but not impaired receivables from 2018 to 2019.",
      "json_rows_response": "Answer the question in the order given below:"
    },
    {
      "id": "bbb46c071300d93b614a99abcf8494b8",
      "question": "Which year had a greater Over 2 months overdue past due but not impaired receivables?",
      "gold_answer": [
        "2019"
      ],
      "markdown_table_response": "The following table shows the results of the report:",
      "csv_string_response": "The user is asked to choose a final answer based on the answers provided in the table.",
      "json_rows_response": "Accounting for the market rate of 1.6%\nAccounting for the market rate of 1.6%\nAccounting for the market rate of 1.6%\nAccounting for the market rate of 1.6%\nAccounting for the market rate of 1.6%\nAccounting for the market rate of 1.6%"
    },
    {
      "id": "cab19a7970ec3ecb2c0af25d6cfbca30",
      "question": "What is the percentage change of past due but not impaired receivable that is over 2 months overdue from 2018 to 2019?",
      "gold_answer": 2.84,
      "markdown_table_response": "1.  \n10%",
      "csv_string_response": "Please see the following table:",
      "json_rows_response": "2,935,000"
    },
    {
      "id": "3f92234b9ec6ad18ac851f062ffe93e2",
      "question": "What does the deferred income taxes reflect?",
      "gold_answer": [
        "the net effect of temporary differences between the carrying amounts of assets and liabilities for financial reporting purposes and amounts used for income tax purposes"
      ],
      "markdown_table_response": "The deferred income taxes will be calculated for the following categories:",
      "csv_string_response": "The deferred tax assets and liabilities are calculated using the following information.",
      "json_rows_response": "**1. Deferred tax assets and liabilities**"
    },
    {
      "id": "c91185569a4dee8ffc347ca66f16797e",
      "question": "What was the gross federal net operating loss in 2019?",
      "gold_answer": [
        "$923.4 million"
      ],
      "markdown_table_response": "1.",
      "csv_string_response": "$24,738.5",
      "json_rows_response": "{\n  \"You can use the answer keys to the section of the page that contains the answer text and the table data to answer this question. To answer the user's question, use the answer keys provided in the table and text to answer the question. Do not use any external knowledge."
    },
    {
      "id": "6e802fd2a923bb3d5d660e7789dc9bd5",
      "question": "What was the Federal and foreign net operating losses and credits in 2019 and 2018 respectively?",
      "gold_answer": [
        "$263,199",
        "$321,982"
      ],
      "markdown_table_response": "1. The net operating losses and credits were $479.2 million and $158.9 million, respectively.\n2. There was $259.1 million in net operating losses and credits.\n3. The NOL carryforward was $259.1 million.\n4. The NOL carryforward is the maximum amount of income tax that can be claimed in the year to the extent that the taxpayer's net operating loss carryforward is less than the NOL carryforward.\n5. The NOL carryforward is the maximum amount of income tax that can be claimed in the year to the extent that the taxpayer's net operating loss carryforward is less than the NOL carryforward.",
      "csv_string_response": "\"18,485,132\"",
      "json_rows_response": "We have prepared a table to help you answer the user's question. Use this table as a starting point to follow the user's answer until you have provided a correct answer."
    },
    {
      "id": "0a5bf43b11e96289f11f5f5105b1da4a",
      "question": "In which year was intangible assets negative?",
      "gold_answer": [
        "2018"
      ],
      "markdown_table_response": "2015",
      "csv_string_response": "The answers given are based on the information provided in the table. The information provided in the table is based only on the information provided in the table and the accompanying text paragraphs below.",
      "json_rows_response": "January 16, 2019."
    },
    {
      "id": "343e3aa85d24d2cfaf9e0220358b7050",
      "question": "What was the change in the Other non-current deferred tax assets from 2018 to 2019?",
      "gold_answer": 3083,
      "markdown_table_response": "Responding to user question, we have added the following additional information:",
      "csv_string_response": "1. We changed the deferred tax asset (liabilities) from $263,199 to $321,982, and the deferred compensation from $253,536 to $243,112, as described in the table above.\n2. We increased the deferred compensation from $259.1 million to $259.2 million.\n3. We increased the deferred tax asset from $1,473 to $6,293.\n4. We increased the deferred tax asset from $1,473 to $6,293.\n5. We increased the deferred tax asset from $1,473 to $6,293.\n6. We increased the deferred tax asset from $1,473 to $6,293.\n7. We increased the deferred tax asset from $1,473 to $6,293.\n8. We increased the deferred tax asset from $1,473 to $6,293.\n9. We increased the deferred tax asset from $1,473 to $6,293.\n10. We increased the deferred tax asset from $1,473 to $6,293.\n11. We increased the deferred tax asset from $1,473 to $6,293.\n12. We increased the deferred tax asset",
      "json_rows_response": "1. Deferred tax assets\n2. Deferred tax liabilities\n3. Deferred income taxes\n4. Deferred tax assets\n5. Deferred tax liabilities\n6. Deferred income taxes\n7. Deferred gain\n8. Deferred compensation\n9. Deferred gain\n10. Deferred loss\n11. Deferred loss carryforward\n12. Deferred gain carryforward\n13. Deferred compensation\n14. Deferred gain carryforward\n15. Deferred loss carryforward\n16. Deferred loss carryforward\n17. Deferred gain carryforward\n18. Deferred gain carryforward\n19. Deferred tax assets\n20. Deferred tax liabilities\n21. Deferred income taxes\n22. Deferred tax assets\n23. Deferred tax liabilities\n24. Deferred income taxes\n25. Deferred gain\n26. Deferred gain carryforward\n27. Deferred gain carryforward\n28. Deferred loss\n29. Deferred loss carryforward\n30. Deferred gain carryforward\n31. Deferred loss carryforward"
    },
    {
      "id": "1b4108dfea9cc5047328dbdc7d31e766",
      "question": "What was the average Deferred compensation for 2018 and 2019?",
      "gold_answer": 1905,
      "markdown_table_response": "|  | September 27, 2019 | September 28, 2018 |\n| --- | --- | --- |\n| Deferred compensation:   |  |  |\n|   Deferred gain |  |  |\n|   Deferred losses |  |  |\n|   Deferred assets |  |  |\n|   Deferred liabilities |  |  |\n|   Deferred capital |  |  |\n|   Deferred liabilities |  |  |\n|   Deferred assets |  |  |\n|   Deferred liabilities |  |  |\n|   Deferred assets |  |  |\n|   Deferred liabilities |  |  |\n|   Deferred assets |  |  |\n|   Deferred liabilities |  |  |\n|   Deferred assets |  |  |\n|   Deferred liabilities |  |  |\n|   Deferred assets |  |  |\n|   Deferred liabilities |  |  |\n|   Deferred assets |  |  |\n|   Deferred liabilities |  |  |\n|   Deferred assets |  |  |\n|   Deferred liabilities |  |  |\n|",
      "csv_string_response": "Please enter your answer.",
      "json_rows_response": "(Optional)"
    },
    {
      "id": "f9b4661a1bafc824ab65e2b0f06ff408",
      "question": "What was the income tax benefit in 2018?",
      "gold_answer": [
        "$18.5 million"
      ],
      "markdown_table_response": "The 2018 taxable year was determined to be in the range of $18.5 million to $18.9 million.",
      "csv_string_response": "\"Fiscal year ended July 31, 2019,\",,,\n,2019,2018,Change,\n,Amount,Amount,($),(%)\n,,\"(In thousands, except percentages)\",,\nProvision for (benefit from) income taxes,\"$(8,280)\",\"$18,467\",\"(26,747)\",(145)\nEffective tax rate,(66)%,(223)%,,",
      "json_rows_response": "The tax benefit in 2018 was $6.2 million. We have now received the tax benefit of $18.5 million."
    },
    {
      "id": "2cd91d7ed529bef7027c8b1874c74f58",
      "question": "What was the income tax benefit in 2019?",
      "gold_answer": [
        "$8.3 million"
      ],
      "markdown_table_response": "* *",
      "csv_string_response": "The U.S. Treasury Department’s proposed changes to the tax law in the fiscal year 2019 provide that the U.S. income tax rate in 2019 is 21% and that the tax benefit is $6.2 million.",
      "json_rows_response": "The income tax benefit is $8.3 million, which is an increase of $6.2 million for fiscal year 2019. The tax benefit is $18.5 million, which is a decrease of $66.5 million for fiscal year 2018. The tax benefit is $6.2 million, which is a decrease of $18.5 million for fiscal year 2019."
    },
    {
      "id": "fa85171aa5472ad30e2ed829262fd75a",
      "question": "What was the Effective tax rate in 2019 and 2018 respectively?",
      "gold_answer": [
        "(66)%",
        "(223)%"
      ],
      "markdown_table_response": "1.  We have determined that our effective tax rate is $18.5 million for fiscal year 2019, compared to an effective tax rate of $18.5 million for fiscal year 2018.",
      "csv_string_response": "The Effective Tax Rate in 2019 was $18.5 million ($8.3 million in the U.S. and $6.2 million in the European Union) and $19.8 million ($7.1 million in the U.S. and $6.2 million in the European Union) in the United States and $9.4 million ($6.2 million in the U.S. and $6.2 million in the European Union) in the European Union. The effective tax rate in 2018 was $17.5 million ($7.5 million in the U.S. and $6.5 million in the European Union) and $18.5 million ($8.3 million in the U.S. and $6.2 million in the European Union) in the United States and $9.4 million ($6.2 million in the U.S. and $6.2 million in the European Union) in the European Union.",
      "json_rows_response": "1.  We have concluded that our effective tax rate is 18.5% (or $18.5 million) for fiscal year 2019.\n2.  We have concluded that our effective tax rate is 12.5% (or $12.5 million) for fiscal year 2018."
    },
    {
      "id": "a79311cf198fe3c0b698543ae20ca9b9",
      "question": "What was the average Provision for (benefit from) income taxes for 2018 and 2019?",
      "gold_answer": 5093.5,
      "markdown_table_response": "We will provide the following final answer, based only on the information provided in the Table and accompanying text.",
      "csv_string_response": "The Provision for Income Taxes, as discussed in Chapter 3, is a tax structure that is used to calculate the Provision for Income Taxes and the corresponding Provision for Adjustments and Revocations. The Provision for Income Taxes is not a unitary tax structure but is a combination of the Provision for Income Taxes and Provision for Income Taxes.\nThe Provision for Income Taxes includes tax benefits that are attributable to the tax structure. The Provision for Adjustments and Revocations includes the Provision for Income Taxes and the Provision for Adjustments and Revocations. The Provision for Income Taxes includes the Provision for Adjustments and Revocations.\nThe Provision for Income Taxes and the Provision for Adjustments and Revocations are separate tax structures. The Provision for Income Taxes includes the Provision for Adjustments and Revocations.\nThe Provision for Income Taxes and the Provision for Adjustments and Revocations are two separate tax structures. The Provision for Income Taxes includes the Provision for Adjustments and Revocations.",
      "json_rows_response": "A. $9.4 million"
    },
    {
      "id": "c58cbaa160664d5e1a4ca246ebd09f76",
      "question": "What was the change in the Effective tax rate from 2018 to 2019?",
      "gold_answer": 157,
      "markdown_table_response": "|  | Fiscal Year Ended July 31, 2019 |  |  |  |\n| --- | --- | --- | --- | --- |\n|  | 2019 | 2018 | Change |  |\n|  | Amount | Amount | ($) | (%) |\n| Provision for (benefit from) income taxes | $(8,280) | $18,467 | (26,747) | (145) |\n| Effective tax rate | (66)% | (223)% |  |  |",
      "csv_string_response": "The effective tax rate of (66)% for fiscal year 2019, differs from the statutory U.S. Federal income tax rate of 21% primarily due to permanent differences for stock-based compensation, including excess tax benefits, research and development credits, the tax rate differences between the United States and foreign countries, foreign withholding taxes, and certain non-deductible expenses including executive compensation.",
      "json_rows_response": "We will provide an answer to the user's question that was posted on the website. If you have a question, please post it on the website."
    },
    {
      "id": "f2c6b8869cdfa8d44d6aeeaef106658a",
      "question": "In which year was Provision for (benefit from) income taxes negative?",
      "gold_answer": [
        "2019"
      ],
      "markdown_table_response": "The Provision for (benefit from) Income Taxes Negative is the value of the tax benefit minus the tax benefit itself minus the amount of tax benefits. This value is calculated by subtracting the tax benefit plus the amount of tax benefits.",
      "csv_string_response": "Provision for Income Taxes\nWe are subject to taxes in the United States as well as other tax jurisdictions and countries in which we conduct business. Earnings from our non-U.S. activities are subject to local country income tax and may be subject to current U.S. income tax.\nWe recognized an income tax benefit of $8.3 million for fiscal year 2019 compared to an income tax provision of $18.5 million for fiscal year 2018. The fiscal year 2018 income tax provision was primarily due to a one-time provisional net charge from re-measuring deferred tax assets and liabilities in the quarter ended January 31, 2018 as a result of the Tax Act.\nThe effective tax rate of (66)% for fiscal year 2019, differs from the statutory U.S. Federal income tax rate of 21% mainly due to permanent differences for stock-based compensation, including excess tax benefits, research and development credits, the tax rate differences between the United States and foreign countries, foreign withholding taxes, and certain non-deductible expenses including executive compensation.\nAs of July 31, 2019, we had unrecognized tax benefits of $6.2 million that, if recognized, would affect our effective tax rate.\nOn December 22, 2017",
      "json_rows_response": "We answered the user's question **based only on the information provided in the table AND the accompanying text paragraphs below**."
    },
    {
      "id": "cb4ad29da9dabad1a0b3d810108f97b7",
      "question": "Why did the company exclude certain expenses from their calculation of Adjusted EBITDA?",
      "gold_answer": [
        "facilitates comparisons of our operating performance on a period-to-period basis and, in the case of exclusion of acquisition-related expense and certain historical legal expenses, excludes items that we do not consider to be indicative of our core operating performance."
      ],
      "markdown_table_response": "We received the following information:",
      "csv_string_response": "Because we do not know the extent to which our business strategy will change over time and for how long, we will not be able to answer a question such as, \"How much did you make in your first twelve months in business?\" We are simply not sure that we will have the ability to answer such questions.",
      "json_rows_response": "I am not sure if you can answer the user's question by yourself. Please consider following the steps below:"
    },
    {
      "id": "d046f47404c7bac5123b0d27dd27ea1d",
      "question": "What was the net income in 2019?",
      "gold_answer": [
        "$53,330"
      ],
      "markdown_table_response": "$",
      "csv_string_response": "5,961,845",
      "json_rows_response": "We received an answer to the user's question based solely on the information provided in the table, and the accompanying text paragraphs below. We have included Adjusted EBITDA in this report because it is a key measure that our management uses to understand and evaluate our core operating performance and trends, to generate future operating plans, to make strategic decisions regarding the allocation of capital and to make investments in initiatives that are focused on cultivating new markets for our solutions. We also use certain non-GAAP financial measures, including Adjusted EBITDA, as performance measures under our executive bonus plan. Further, we believe the exclusion of certain expenses in calculating Adjusted EBITDA facilitates comparisons of our operating performance on a period-to-period basis and, in the case of exclusion of acquisition-related expense and certain historical legal expenses, excludes items that we do not consider to be indicative of our core operating performance. Accordingly, we believe that Adjusted EBITDA provides useful information to investors and others in understanding and evaluating our operating results in the same manner as our management and board of directors."
    },
    {
      "id": "767ff18f6ca39a8ab83765bc72336a68",
      "question": "What was the amount of amortization and depreciation expense in 2018?",
      "gold_answer": [
        "21,721"
      ],
      "markdown_table_response": "The amortization and depreciation expense of our company is $5,899,000. We have amortized $5,899,000 in non-cash assets (net $4,094,000) and $4,894,000 in cash assets (net $4,094,000).",
      "csv_string_response": "As you can see, the following questions were asked of the investors:",
      "json_rows_response": "The following table presents the final answer to a user question about the amount of amortization and depreciation expense in the following year."
    },
    {
      "id": "f7ca7ef1453d0be5a5b9041287650727",
      "question": "How many years did the total adjustments exceed $50,000 thousand?",
      "gold_answer": "2",
      "markdown_table_response": "How many years had our total adjustments exceeded $50,000,000?",
      "csv_string_response": "2,500",
      "json_rows_response": "Yes, we have an understanding of the performance of our company that is applicable to all of our business activities."
    },
    {
      "id": "df3c0983164b2b85c7ea5287f1cd20b5",
      "question": "What was the change in the litigation expense between 2017 and 2018?",
      "gold_answer": 38517,
      "markdown_table_response": "|  |  |  |  |  |  |  |\n| --- | --- | --- | --- | --- |\n|  | 2019 | 2018 | 2017 | 2016 | 2015 |\n|  | Adjusted EBITDA: |  |  |  |  |  |\n| Net Income | $53,330 | $21,524 | $29,251 | $10,154 | $11,768 |\n| Adjustments: |  |  |  |  |  |\n| Interest expense, interest income and other income, net | (8,483) | 503 | 1,133 | (323) | 526 |\n| Provision for / (benefit from) income taxes | 5,566 | (9,825) | 2,990 | 4,227 | 5,697 |\n| Amortization and depreciation expense | 22,134 | 21,721 | 17,734 | 6,490 | 5,808 |\n| Stock-based compensation expense | 20,603 | 13,429 | 7,413 | 4,001 | 4,124 |\n| Acquisition-related expense | 2,403 | — | 5,895 | 11",
      "csv_string_response": "The information in the table below summarizes our analysis of the litigation expense.",
      "json_rows_response": "The final answer is: $10,110."
    },
    {
      "id": "7e2290f656cbeef6d9a61c02767b752c",
      "question": "What was the percentage change in adjusted EBITDA between 2018 and 2019?",
      "gold_answer": 16.36,
      "markdown_table_response": "A.",
      "csv_string_response": "1. All of the above changes were due to our change of ownership. The changes in the equity of our company were due to the acquisition of our company in July 2016.",
      "json_rows_response": "[\n  {\n    \"\": \"1\",\n    \"Year Ended December 31,\": \"2017\"\n  },\n  {\n    \"\": \"\",\n    \"Year Ended December 31,\": \"\"\n  },\n  {\n    \"\": \"$100,949\",\n    \"Year Ended December 31,\": \"\"\n  },\n  {\n    \"\": \"$100,745\",\n    \"Year Ended December 31,\": \"\"\n  },\n  {\n    \"\": \"1,424\",\n    \"Year Ended December 31,\": \"2,831\"\n  },\n  {\n    \"\": \"1,411\",\n    \"Year Ended December 31,\": \"3,370\"\n  },\n  {\n    \"\": \"1,511\",\n    \"Year Ended December 31,\": \"4,712\"\n  },\n  {\n    \"\": \"1,527\",\n    \"Year Ended December 31,\": \"7,212\"\n  },\n  {\n    \"\": \"1,511\",\n    \"Year Ended December 31,\": \"10,946\"\n  },"
    },
    {
      "id": "698b9af23665887500d931ae7224d54c",
      "question": "What are the respective age of the executive officers?",
      "gold_answer": [
        "61",
        "66",
        "56"
      ],
      "markdown_table_response": "1. The executive officers of Loral are:\nAvi Katz\nJohn Capogrossi\nRavinder Girgla\nRavindra Singh\nRavindra Singh\nRavinder S. Girgla\nAvi Katz\nJohn Capogrossi\nRavindra Singh\nRavindra Singh\nRavindra Singh\nRavinder Girgla\nAvi Katz\nJohn Capogrossi\nRavindra Singh\nRavinder Girgla\nRavindra Singh\nRavinder S. Girgla\nRavindra Singh\nRavindra Singh\nRavinder Girgla\nRavindra Singh\nRavindra Singh\nRavindra Singh\nRavinder Girgla\nAvi Katz\nJohn Capogrossi\nRavindra Singh\nRavindra Singh\nRavindra Singh\nRavindra Singh\nRavindra Singh\nRavindra Singh\nRavindra Singh\nRavindra Singh\nRavindra Singh\nRavindra Singh\nRavindra Singh\nRavindra Singh\nRavindra Singh\nRav",
      "csv_string_response": "Avi Katz, 61, Vice President, Chief Financial Officer, Vice President and Controller from January 2016 to March 2013.",
      "json_rows_response": "All answers are given in full, with the exception of the following two:"
    },
    {
      "id": "c5e66bb5c3a45464a6a9437d1d3b4584",
      "question": "Where can the remaining information required under Item 10 concerning the executive officers of Loral as of March 12, 2020 be found?",
      "gold_answer": [
        "The Company’s 2020 definitive proxy statement",
        "Form 10‐K"
      ],
      "markdown_table_response": "The final answer to Item 10 is:",
      "csv_string_response": "The following is a response to the user’s final answer to the user’s question.",
      "json_rows_response": "The answer to the user's question is \"Yes.\""
    },
    {
      "id": "13bf5cc0046cb70f84b6a61518a691d3",
      "question": "What are the respective ages of the company's current Vice Presidents?",
      "gold_answer": [
        "66",
        "56"
      ],
      "markdown_table_response": "| Name | Age | Position |\n| --- | --- | --- |\n| Avi Katz | 61 | Vice President, General Counsel and Secretary since December 2012. Senior Vice President, General Counsel and Secretary from January 2008 to December 2012. |\n| John Capogrossi | 66 | Vice President, Chief Financial Officer and Treasurer since January 2016. Vice President and Controller from March 2013 to January 2016. |\n| Ravinder S. Girgla | 56 | Vice President and Controller since January 2016. Deputy Controller from February 2013 to January 2016. Assistant Controller from July 2008 to February 2013. |",
      "csv_string_response": "Given the information in this table, the following answers are as follows:",
      "json_rows_response": "Yes, they are all available for your review, which will be provided in the Company's 2020 definitive proxy statement."
    },
    {
      "id": "70e27b8a8a85da05bcaa081478be5e68",
      "question": "What is the average age of the company's executive officers?",
      "gold_answer": 61,
      "markdown_table_response": "Answer **",
      "csv_string_response": "Avi Katz,61,\"President, General Counsel and Secretary since December 2012. Senior Vice President, General Counsel and Secretary from January 2008 to December 2012.\"\nJohn Capogrossi,66,\"Vice President and Controller since January 2016. Deputy Controller from February 2013 to January 2016. Assistant Controller from July 2008 to February 2013.",
      "json_rows_response": "The following answer is provided by the Company's 2020 definitive proxy statement."
    },
    {
      "id": "6a37ffdabecf48f4fad76a3b07aa7981",
      "question": "Who is the oldest executive officer in the company?",
      "gold_answer": [
        "John Capogrossi"
      ],
      "markdown_table_response": "Avi Katz is the oldest executive officer in the company.",
      "csv_string_response": "The company has taken the following steps:",
      "json_rows_response": "The question in the table below is answered based only on the information provided in the Table and the accompanying text paragraphs below. The answer will be provided in the Company's 2020 definitive proxy statement which is incorporated herein by reference or by amendment to this Annual Report on Form 10‐K."
    },
    {
      "id": "b598a5a43e877ca0ea2c7c821e1038a1",
      "question": "What is the average age of the company's Vice Presidents?",
      "gold_answer": 61,
      "markdown_table_response": "As of March 12, 2020, the average age of the company's Vice Presidents is 66.",
      "csv_string_response": "1",
      "json_rows_response": "We will provide you with a full response to your question."
    },
    {
      "id": "15e4d550e10a33bb0402bebb5b791458",
      "question": "What was the total assets from AMER in 2018?",
      "gold_answer": [
        "645,791"
      ],
      "markdown_table_response": "AMER’s total assets were $751,990, $645,791, $645,791, $905,691, $171,170, $1,932,642, $241,807, $154,544, $353,903, $349,903, $71,835, $411,960, $712,935, $1,293,579, $1,292,579, $1,292,579, $1,292,579, $1,292,579, $1,292,579, $1,292,579, $1,292,579, $1,292,579, $1,292,579, $1,292,579, $1,292,579, $1,292,579, $1,292,579, $1,292,579, $1,292,579, $1,292,579, $1,292,579, $1,292,579, $1,292,579, $1,292,579, $1,292,579, $1",
      "csv_string_response": "\"Total assets: ,\nAMER ,\"",
      "json_rows_response": "1. Analyze the total assets in the segment\n2. Analyze the total assets in the segment"
    },
    {
      "id": "46a8fd1168f1bcc3e19376c4ff900a75",
      "question": "What was the total assets from APAC in 2019?",
      "gold_answer": [
        "958,744"
      ],
      "markdown_table_response": "1. The total assets from APAC in 2019 were $751,990, which is a decrease of $6,389,283 in net sales from $653,791, which was based on the $1,932,642 net sales for APAC in 2018.",
      "csv_string_response": "What is the number of segments (percentages) required to meet the following three requirements?",
      "json_rows_response": "The total assets for the APAC segment in 2019 were $751,990, which includes $645,791 of the $2,000,883 net sales and $2,000,883 net sales for the segment."
    },
    {
      "id": "d2b7bc9e9acf6d3d002ea610fcd94b2d",
      "question": "What was the total assets in 2018?",
      "gold_answer": [
        "1,932,642"
      ],
      "markdown_table_response": "1",
      "csv_string_response": "First, for each segment, the Company reports the following information:",
      "json_rows_response": "{\n  \"\": \"Total assets:\",\n  \"September 28,\\n2019\": \"\",\n  \"September 29,\\n2018\": \"\"\n}"
    },
    {
      "id": "ef919c08ed12587a2554c92cc4889944",
      "question": "How many years did total assets exceed $2,000,000 thousand?",
      "gold_answer": "1",
      "markdown_table_response": "The following is the final answer for the user question:",
      "csv_string_response": "1.  6",
      "json_rows_response": "1"
    },
    {
      "id": "70c55e39fabb49df3f4b9691eeebcd09",
      "question": "What was the change in the total assets from APAC between 2018 and 2019?",
      "gold_answer": 21234,
      "markdown_table_response": "1. A company has a reportable segment for which it provides financial data.\n2. A reportable segment provides financial information about a company that is used to evaluate the performance of that segment.\n3. A reportable segment provides information about a company that is used to determine whether a particular segment is performing well or is performing poorly.\n4. A reportable segment provides financial information about a company that is used to make a decision about which segments to choose.\n5. A reportable segment provides information about a company that is used to determine the performance of a segment.",
      "csv_string_response": "1.",
      "json_rows_response": "The total assets for the segments for fiscal 2019, 2018 and 2017 are:"
    },
    {
      "id": "467031848d7d448173b9b7e412941197",
      "question": "What was the percentage change in the total assets from Corporate and eliminations between 2018 and 2019?",
      "gold_answer": -48.18,
      "markdown_table_response": "A:",
      "csv_string_response": "**What was the percentage change in the total assets from Corporate and eliminations between 2018 and 2019?**",
      "json_rows_response": "The following table shows the percentage change in total assets from Corporate and eliminations (based on the information provided in the table) between fiscal 2019 and fiscal 2018:"
    },
    {
      "id": "f1308165d026afa3f5c564a70de2a7eb",
      "question": "What are the two license agreements for the currently marketed products?",
      "gold_answer": [
        "the Oxaydo product containing the Aversion Technology has been licensed to Zyla",
        "the Nexafed products containing the Impede Technology which have been licensed to MainPointe."
      ],
      "markdown_table_response": "The question is based on the information provided in Table 1, and is based only on the information provided in the table and the accompanying text paragraphs below. The question is based on the information provided in Table 1, which is the information that is provided in the text paragraphs below.",
      "csv_string_response": "The two license agreements for the currently marketed products are:",
      "json_rows_response": "1. The Aversion Technology is licensed to Zyla and the Nexafed Technology is licensed to MainPointe. The Aversion Technology is not licensed to Zyla and the Nexafed Technology is not licensed to MainPointe."
    },
    {
      "id": "1a1686826d991480019617b394396bcd",
      "question": "When is revenue recognized?",
      "gold_answer": [
        "Revenue is recognized when, or as, performance obligations under terms of a contract are satisfied, which occurs when control of the promised service is transferred to a customer."
      ],
      "markdown_table_response": "Revenue is recognized when, or as, performance obligations under terms of a contract are satisfied, which occurs when control of the promised service is transferred to a customer (“transaction price”). The Company will then recognize as revenue the amount of the transaction price that is allocated to the respective performance obligation when, or as, the performance obligation is satisfied. When determining the transaction price of the contract, an adjustment is made if payment from a customer occurs either significantly before or significantly after performance, resulting in a significant financing component. None of the Company’s licenses and collaboration agreements contained a significant financing component at either December 31, 2019 or 2018.",
      "csv_string_response": "The final answer to the user question is based only on the information provided in the Table.",
      "json_rows_response": "The following table summarizes the revenues for the Nexafed and Oxaydo products under the license agreements and the corresponding sales revenues under the collaboration agreements, plus the corresponding out-of-pocket development costs for the respective licensees. The calculation of the combined revenue is as follows:"
    },
    {
      "id": "0103b1e44ef0047d788e2cd47d5e7f8c",
      "question": "What are the two forms of revenue generated from contracts with customers?",
      "gold_answer": [
        "Sales-based Milestones and Royalty Revenues",
        "License and Collaboration Agreement Revenues"
      ],
      "markdown_table_response": "Revenue from contracts with customers is recognized when, or as, performance obligations under terms of a contract are satisfied, which occurs when control of the promised service is transferred to a customer (“transaction price”). The Company will then recognize as revenue the amount of the transaction price that is allocated to the respective performance obligation when, or as, the performance obligation is satisfied. When determining the transaction price of the contract, an adjustment is made if payment from a customer occurs either significantly before or significantly after performance, resulting in a significant financing component. None of the Company’s licenses and collaboration agreements contained a significant financing component at either December 31, 2019 or 2018.\nThe Company’s existing license and collaboration agreements contain a single performance obligation or may contain multiple performance obligations. Those which contain multiple performance obligations will require an allocation of the transaction price based on the estimated relative standalone selling prices of the promised services underlying each performance obligation.\nThe Company’s existing license and collaboration agreements contain customer options for the license of additional products and territories. We determined the option’s standalone selling prices based on the option product’s potential market size in the option territory as compared to the currently licensed product and U.S. territory. Some of our existing license and collaboration agreements contain a license to the",
      "csv_string_response": "Revenue",
      "json_rows_response": "This question has been asked before. The final answer is provided below."
    },
    {
      "id": "be5db57a1ee3622b5a0b72053333be2a",
      "question": "What is the decrease in licensing revenue from Zyla (Oxaydo) from 2018 to 2019?",
      "gold_answer": 35,
      "markdown_table_response": "Zyla (Oxaydo) is a brand name of Acura Pharma, a leading commercial product manufacturer and provider of healthcare services and products. Zyla is an American-based company with more than 20 years of experience in the pharmaceutical, life sciences and medical device industries. The Company’s product portfolio includes the Avera and Impede products.",
      "csv_string_response": "(in thousands)",
      "json_rows_response": "1. Please provide the minimum revenue you anticipate based on the information provided in the table. If there is not sufficient information, we recommend that you give more detailed information on how your findings will be presented to your clients.\n2. Please provide a breakdown of your revenue as reported in your annual report for the years in question.\n3. Please provide a breakdown of your revenue as reported in your annual report for the year in question.\n4. Please provide a breakdown of your revenue as reported in your annual report for the year in question.\n5. Please provide a breakdown of your revenue as reported in your annual report for the year in question.\n6. Please provide a breakdown of your revenue as reported in your annual report for the year in question.\n7. Please provide a breakdown of your revenue as reported in your annual report for the year in question.\n8. Please provide a breakdown of your revenue as reported in your annual report for the year in question.\n9. Please provide a breakdown of your revenue as reported in your annual report for the year in question.\n10. Please provide a breakdown of your revenue as reported in your annual report for the year in question.\n11. Please provide a breakdown of your revenue as reported in your"
    },
    {
      "id": "deb6986a5dece7b6d06424b482d598b6",
      "question": "How much did the total licensing revenue decreased from 2018 to 2019?",
      "gold_answer": 38,
      "markdown_table_response": "The Company’s answer is $1,000,000 and the total license revenue is $1,500,000. The total license revenue is divided by the total revenue from the license agreement, which is $1,000,000 divided by $2,000,000.",
      "csv_string_response": "Total: $3,000,000",
      "json_rows_response": "Answer is:"
    },
    {
      "id": "6769cc0cee475e77d8eb292b9bdefd81",
      "question": "What percentage of the decrease in total revenue is from the loss in Zyla (Oxaydo)?",
      "gold_answer": 92.11,
      "markdown_table_response": "1. The Company has a total revenue of $352,000,000.00.",
      "csv_string_response": "The answer to the user question is, “0.3%”.",
      "json_rows_response": "The total revenue for the Nexafed license and collaboration agreements are $352,834.20 and $386,356.55, respectively."
    },
    {
      "id": "8920cf2daa5d9c7ad0c951a9278e89be",
      "question": "Which years does the table provide information for the related party items included in Revenues?",
      "gold_answer": [
        "2019",
        "2018",
        "2017"
      ],
      "markdown_table_response": "|  |  | Year ended December 31, 2020 |  |\n| --- | --- | --- | --- |\n|  | 2020 | 2021 | 2020 | 2021 |\n|  | 2021 | 2020 | 2020 | 2020 |\n|  | 2021 | 2020 | 2021 | 2020 |\n|  | 2020 | 2021 | 2020 | 2020 |\n|  | 2020 | 2021 | 2021 | 2021 |\n|  | 2020 | 2021 | 2021 | 2020 |\n|  | 2020 | 2021 | 2021 | 2020 |\n|  | 2021 | 2020 | 2021 | 2020 |\n|  | 2020 | 2021 | 2021 | 2020 |\n|  | 2021 | 2020 | 2021 | 2020 |\n|  | 2020 | 2021 | 2021 | 2020 |\n|  | 2021 | 2020 | 2021 | 2020 |\n|  | 2020 | 2021 | 2021 | 2020 |\n|  | 2020 | 2021 | 2021 | 2020 |\n|  | 2020 | 2021 | 2021 | 2020 |\n|  | 2021 | 2020 | 2021 | 2020 |\n|  | 2020 | 2021 | 2021 | 2020 |\n|  | 2021 | 2020 | 2021 | 2020 |\n|  | 2020 | 2021 | 2021 | 2020 |\n|  |",
      "csv_string_response": "Red Herring, 2014",
      "json_rows_response": "User Question"
    },
    {
      "id": "b61dee37148951299cb73427e1e23dbd",
      "question": "What were the software services in 2019?",
      "gold_answer": [
        "40.2"
      ],
      "markdown_table_response": "Answer the following questions to help you answer the user question **based only on the information provided in the table AND the accompanying text paragraphs below**.",
      "csv_string_response": "The final answer is as follows:",
      "json_rows_response": "1. If you have already answered this question, it should be listed as a correct answer.\n2. If you have not already answered this question, it should be listed as a wrong answer.\n3. If you have not answered this question, it should be listed as a correct answer."
    },
    {
      "id": "513e7f501d42e3bc7870446d8a24dbd1",
      "question": "What were the data and analytic services in 2017?",
      "gold_answer": [
        "24.0"
      ],
      "markdown_table_response": "",
      "csv_string_response": "What were the data and analytic services in 2018?",
      "json_rows_response": "**[ **"
    },
    {
      "id": "69cd1d0d58cd57f71468c04c3c22d6ad",
      "question": "What was the change in software services between 2017 and 2018?",
      "gold_answer": 3.1,
      "markdown_table_response": "**Value of the information provided in the table and the accompanying text paragraphs below:**",
      "csv_string_response": "Summary",
      "json_rows_response": "Please answer the following question:"
    },
    {
      "id": "81b881cc0662b96e845a4c22ea8a9a94",
      "question": "What was the change in data and analytic services between 2017 and 2019?",
      "gold_answer": -4.7,
      "markdown_table_response": "To summarise, the change in data and analytic services in 2017 and 2019 was a fundamental transformation in the relationship between FNF and the FBN and FBN itself. In particular, the transformation in the relationship between FBN and FNF was a fundamental change in the relationship between FBN and FNF.",
      "csv_string_response": "Summary of Discussion:",
      "json_rows_response": "As a reminder, we have provided the final answer to the user's question."
    },
    {
      "id": "bf36dcf35c05932cbf0cad1e27d03fb9",
      "question": "What was the percentage change in total related party revenues between 2018 and 2019?",
      "gold_answer": 3.3,
      "markdown_table_response": "0.01% | $67.3 | $63.6 | $57.3 |",
      "csv_string_response": "A final answer to the user's question is as follows:",
      "json_rows_response": "This question is based on the following responses:"
    },
    {
      "id": "72a0d957bd35bb20239aa14da1df1ba3",
      "question": "What does the table show?",
      "gold_answer": [
        "As of December 31, 2019 and 2018, loans payable"
      ],
      "markdown_table_response": "",
      "csv_string_response": "This table includes the following data:",
      "json_rows_response": "1. Business loan agreement dated March 14, 2014"
    },
    {
      "id": "eb46814535612c3158c2c31898edf0d3",
      "question": "What is the principal amount for the loan agreement for the acquisition of an excavator on November  2016?",
      "gold_answer": [
        "$59"
      ],
      "markdown_table_response": "1. $2",
      "csv_string_response": "*",
      "json_rows_response": "The following is the final answer to the user question, using the business loan agreement dated March 14, 2014:"
    },
    {
      "id": "c4f432b6a82fc554d747683f1631b2f7",
      "question": "What is the long term position loans payable for 2018?",
      "gold_answer": [
        "$88"
      ],
      "markdown_table_response": "$2",
      "csv_string_response": "$50,000,000,000",
      "json_rows_response": "1. LOANS PAYABLE\nPlan B, a subsidiary of the Company, entered into a business loan agreement, prior to being acquired by the Company, with Tri Counties Bank dated March 14, 2014, in the original amount of $131 bearing interest at 4.95%. The loan agreement called for monthly payments of $2 and was scheduled to mature on March 14, 2019. Proceeds from the loan were used to purchase a pile driver and related equipment and is secured by the equipment. The loan was fully paid off during the year ended December 31, 2019.\nPlan B entered into a business loan agreement prior to being acquired by the Company, with Tri Counties Bank dated April 9, 2014, in the original amount of $250 bearing interest at 4.95%. The loan agreement called for monthly payments of $5 and was scheduled to mature on April 9, 2019. Proceeds from the loan were used to purchase a pile driver and related equipment and is secured by the equipment. The loan was fully paid off during the year ended December 31, 2019.\nOn January 5, 2016, the Company entered into a 0% interest loan agreement for the acquisition of a pile driver in the principal amount of $182 bearing interest at 5.5%. The"
    },
    {
      "id": "f0e1f19b4d1b7571fec5e3925ecea90b",
      "question": "What is the percentage change in the equipment notes payable from 2018 to 2019?",
      "gold_answer": -63.49,
      "markdown_table_response": "1. $1,475,000\n2. $1,575,000\n3. $1,585,000\n4. $1,573,000\n5. $1,583,000\n6. $1,575,000\n7. $1,585,000\n8. $1,583,000\n9. $1,583,000\n10. $1,583,000\n11. $1,583,000\n12. $1,583,000\n13. $1,583,000\n14. $1,583,000\n15. $1,583,000\n16. $1,583,000\n17. $1,583,000\n18. $1,583,000\n19. $1,583,000\n20. $1,583,000\n21. $1,583,000\n22. $1,583,000\n23. $1,583,000\n24. $1,583,000\n25. $1,583,000\n26. $1,583,000\n27.",
      "csv_string_response": "(5)",
      "json_rows_response": "The total percentage change in the equipment notes payable is as follows:"
    },
    {
      "id": "a8579d97227b31b023e5a75aba01a165",
      "question": "What is the percentage change in the subtotal loans payable from 2018 to 2019?",
      "gold_answer": -67.04,
      "markdown_table_response": "|  | 2019 | 2018 | 2019 |\n| --- | --- | --- | --- |\n| Average of loans payable: $9.77 | $9.77 | $9.77 | $9.77 |",
      "csv_string_response": "The following is a rough table that gives an idea of the loans payable:",
      "json_rows_response": "1. The company has a minimum of $200,000 in gross receipts. This is an itemized statement of the net operating loss carry-forward value of the company."
    },
    {
      "id": "f8f0fae22073b1e12e2205f1bc6aa4d3",
      "question": "What is the percentage of loan for the acquisition of an excavator that is outstanding?",
      "gold_answer": 22.03,
      "markdown_table_response": "1. For the acquisition of an excavator:",
      "csv_string_response": "49%",
      "json_rows_response": "2%"
    },
    {
      "id": "f49b6dab26d961e1c08e87ede7df7a2c",
      "question": "In which year is the equipment notes payable higher?",
      "gold_answer": [
        "2018"
      ],
      "markdown_table_response": "2018",
      "csv_string_response": "-11",
      "json_rows_response": "For the following question, we will answer the user's question using a data structure that is based only on the information provided in the table and the accompanying text paragraphs below."
    },
    {
      "id": "e58ac35e5464b384d30262b3679533c1",
      "question": "What does shareholder distributions - dividends in the table represent?",
      "gold_answer": [
        "Represents dividends paid in each financial year"
      ],
      "markdown_table_response": "The table provides an overview of the sample of employee expenditure data and the percentage change in total employee expenses. The percentage change represents the percentage of total employee expenses that were spent on pay.",
      "csv_string_response": "The following is the final answer to the user's question.",
      "json_rows_response": "User **Note** A participant in the data analysis needs to be able to answer the following question:"
    },
    {
      "id": "985e3306cb2075bc0807db442ac8e23a",
      "question": "What does total employee expenditure in the table include?",
      "gold_answer": [
        "wages and salaries, social security costs, pension and other costs and share-based payments, see note 10 of the Financial Statements"
      ],
      "markdown_table_response": "The following table shows the final answer to the user's question.",
      "csv_string_response": ",FY19,FY18",
      "json_rows_response": "[\n  {\n    \"\": \"\",\n    \"FY19\": \"0.0\",\n    \"FY18\": \"0.0\",\n    \"Change\": \"0.2%\"\n  },\n  {\n    \"\": \"Dividend paid in each financial year\",\n    \"FY19\": \"1.3\",\n    \"FY18\": \"1.3\",\n    \"Change\": \"1.5%\"\n  },\n  {\n    \"\": \"Dividend paid in each financial year\",\n    \"FY19\": \"0.8\",\n    \"FY18\": \"0.8\",\n    \"Change\": \"0.9%\"\n  },\n  {\n    \"\": \"Dividend paid in each financial year\",\n    \"FY19\": \"1.3\",\n    \"FY18\": \"1.3\",\n    \"Change\": \"1.4%\"\n  },\n  {\n    \"\": \"Total employee expenditure\",\n    \"FY19\": \"0.8\",\n    \"FY18\": \"0.8\",\n    \"Change\": \"0.9%\"\n  },\n  {\n    \"\": \"D"
    },
    {
      "id": "b64c7610a65ea177334fffb0d11ef1a0",
      "question": "What are the components in the table during the analysis of the relative importance of spend on pay?",
      "gold_answer": [
        "Shareholder distributions – dividends",
        "Total employee expenditure"
      ],
      "markdown_table_response": "",
      "csv_string_response": "1 – The relative importance of the items in the table.\n2 – The percentages in the table.\n3 – The percentages in the text.\n4 – The percentages in the text.\n5 – The percentages in the table.\n6 – The percentages in the text.\n7 – The percentages in the table.\n8 – The percentages in the text.\n9 – The percentages in the table.\n10 – The percentages in the text.\n11 – The percentages in the table.\n12 – The percentages in the text.\n13 – The percentages in the table.\n14 – The percentages in the text.\n15 – The percentages in the table.\n16 – The percentages in the text.\n17 – The percentages in the table.\n18 – The percentages in the text.\n19 – The percentages in the table.\n20 – The percentages in the text.\n21 – The percentages in the table.\n22 – The percentages in the text.\n23 – The percentages in the table.\n24 – The percentages in the text.\n25 – The percentages in the table.\n26 – The percentages in the text.\n27 – The percentages in the table.\n28 – The percentages in the text.",
      "json_rows_response": "**1**"
    },
    {
      "id": "cee6f2467fa5bd0aece4ec15ca46bcf3",
      "question": "In which year was Total employee expenditure larger?",
      "gold_answer": [
        "FY19"
      ],
      "markdown_table_response": "|  | FY19 | FY18 | Change |\n| --- | --- | --- | --- |\n|  | $M | $M | % |\n| Shareholder distributions – dividends1 | 23.9 | 21.8 | 10% |\n| Total employee expenditure2 | 370.1 | 361.9 | 2% |",
      "csv_string_response": "Become a Data Analyst",
      "json_rows_response": "To answer the user's question, we recommend following steps:"
    },
    {
      "id": "52feae4a2a95764370ca69097e651763",
      "question": "What was the change in the Shareholder distributions – dividends in 2019 from 2018?",
      "gold_answer": 2.1,
      "markdown_table_response": "The following was made by the algorithmic analysis.",
      "csv_string_response": "Dividends were paid in the following way for each year of the company's financial year:",
      "json_rows_response": "1"
    },
    {
      "id": "7f5203a09a509ad96e94ca5d3d7cb647",
      "question": "What was the average total employee expenditure across 2018 and 2019?",
      "gold_answer": 366,
      "markdown_table_response": "The average of total employee expenditure for the three periods is $2.1 million.",
      "csv_string_response": "First, the average total employee expenditure across the three years was calculated using the following formula:",
      "json_rows_response": "The following is the final answer to your user question:"
    },
    {
      "id": "ac543087b7cc0bc8ab7cc531f117e33f",
      "question": "What are the respective APRU from on-net in 2017 and 2018 respectively?",
      "gold_answer": [
        "$ 506",
        "$ 480"
      ],
      "markdown_table_response": "",
      "csv_string_response": "As per the following table, the user's final answer is based on the following information:",
      "json_rows_response": "Please provide the following:"
    },
    {
      "id": "8a190f8f51d10d291221aa2841e6ab80",
      "question": "What are the respective APRU from off-net in 2017 and 2018 respectively?",
      "gold_answer": [
        "$ 1,239",
        "$ 1,155"
      ],
      "markdown_table_response": "**1.**",
      "csv_string_response": "$ 0.90",
      "json_rows_response": "The final answer is given below:"
    },
    {
      "id": "0bccf51ce0d090a18e15b433e828cd2d",
      "question": "What are the respective average price per megabit in 2017 and 2018 respectively?",
      "gold_answer": [
        "$ 1.11",
        "$ 0.82"
      ],
      "markdown_table_response": "The final answer is:",
      "csv_string_response": "What is your final answer?",
      "json_rows_response": "**$3,300**"
    },
    {
      "id": "04f4e45ef380b524aa829205ba34e3f6",
      "question": "What is the percentage change in on-net APRU between 2017 and 2018? ",
      "gold_answer": -5.14,
      "markdown_table_response": "We are confident that the answer to your user question will provide you with a more accurate answer to your question. We are confident that the answer will provide you with a better understanding of our customer service and our financial results.",
      "csv_string_response": "The final answer is \"On-net\" to \"Off-net\" on each of the following:",
      "json_rows_response": "The final answer is:"
    },
    {
      "id": "a91f446212a41e5cd7d9e4eb3201408b",
      "question": "What is the percentage change in off-net APRU between 2017 and 2018? ",
      "gold_answer": -6.78,
      "markdown_table_response": "The final answer is **Yes**. The user's question is **based ONLY on the information provided in the table AND the accompanying text paragraphs below**. Do not use any external knowledge.",
      "csv_string_response": "Please add your answers to the user's question. Please add your comments to the user's question.",
      "json_rows_response": "\"1.0\""
    },
    {
      "id": "ecf8c64874e490a53fb6a23cb7278288",
      "question": "What is the percentage change in the number of on-net customer connections between 2017 and 2018?",
      "gold_answer": 12.12,
      "markdown_table_response": "The final answer will be indicated below.",
      "csv_string_response": "User",
      "json_rows_response": "The final answer to the user question **based solely on the information provided in the table AND the accompanying text paragraphs below** is **\"A total of 10% of the number of connections are due to the new data source.\"** The user may wish to ask for a percentage of the total number of connections."
    },
    {
      "id": "fbd47d373468c835a9bb365074af8b19",
      "question": "What is the % change in the capital intensity ratio for BCE?",
      "gold_answer": [
        "0.3 pts"
      ],
      "markdown_table_response": "**$ CHANGE**",
      "csv_string_response": "To answer the user's question **based only on the information provided in the table AND the accompanying text paragraphs below**. Do not use any external knowledge.",
      "json_rows_response": "You can view the final answer in a table format below. The user is asked to provide an answer that expresses the most recent data point of the table in terms of capital expenditures."
    },
    {
      "id": "0c4933d6d73026639d14e0fc537dfe77",
      "question": "What led to lower capital expenditures at Bell Media in 2019?",
      "gold_answer": [
        "production equipment and IT upgrades in 2018"
      ],
      "markdown_table_response": "The cost of capital investments is a subject that has been a sticking point with our wireless customers for some time. As the cost of capital investments in wireless telecommunications is in many cases dictated by the price of the equipment, it is important to understand the cost of capital investments in wireless telecommunications for two reasons:",
      "csv_string_response": "We have established that our capital expenditure spend was in line with the investment in wireless and fixed broadband in the year 2018.",
      "json_rows_response": "[\n  {\n    \"\": \"Bell Wireless\",\n    \"2019\": \"697\",\n    \"2018\": \"664\",\n    \"$ CHANGE\": \"(33)\",\n    \"% CHANGE\": \"(5.0%)\"\n  },\n  {\n    \"\": \"Capital intensity ratio\",\n    \"2019\": \"7.6%\",\n    \"2018\": \"7.5%\",\n    \"$ CHANGE\": \"\",\n    \"% CHANGE\": \"(0.1) pts\"\n  },\n  {\n    \"\": \"Bell Media\",\n    \"2019\": \"108\",\n    \"2018\": \"114\",\n    \"$ CHANGE\": \"6\",\n    \"% CHANGE\": \"5.3%\"\n  },\n  {\n    \"\": \"Capital intensity ratio\",\n    \"2019\": \"25.8%\",\n    \"2018\": \"26.0%\",\n    \"$ CHANGE\": \"\",\n    \"% CHANGE\": \"0.2 pts\"\n  },\n  {\n    \"\": \"BCE\",\n    \"2019\": \"3,183\",\n    \"2018\": \"3"
    },
    {
      "id": "8bdf0f0c7b8aa3fa4900237d69724073",
      "question": "What is the $ change in the capital expenditures for Bell Wireless?",
      "gold_answer": [
        "(33)"
      ],
      "markdown_table_response": "The $ change was a reduction of $15 million in capital expenditures, a reduction of $11 million in capital expenditures in our wireline segment and a reduction of $7 million in capital expenditures in our capital intensity ratio.",
      "csv_string_response": "We will answer the user's question based solely on the information provided in the table and the accompanying text paragraphs below. Do not use any external knowledge.",
      "json_rows_response": "BELOW, Q1 2019:"
    },
    {
      "id": "be06911753ebf96023d938230368269e",
      "question": "Which segment has the largest % change in capital intensity ratio?",
      "gold_answer": [
        "Bell Media"
      ],
      "markdown_table_response": "The user is asked to complete a question based solely on the information provided in the table and the accompanying text paragraphs below. If this is not possible, the user is then asked to complete a question based solely on the information provided in the table and the accompanying text paragraphs below. The user is not provided with the question.",
      "csv_string_response": "Which segment is in the top 10% of capital intensity ratio in 2019?",
      "json_rows_response": "1. Charges — Compared to the third quarter 2019 earnings report, we have a stronger case for our capital investment in the 2020/21 financial year.\n2. Capital expenditure — We have an appropriate capital expenditure in the 2019/20 financial year, compared to the third quarter 2019 earnings report.\n3. Capital expenditure — We have a lower capital expenditure in the 2019/20 financial year, compared to the third quarter 2019 earnings report.\n4. Capital expenditure — We have an appropriate capital expenditure in the 2019/20 financial year, compared to the third quarter 2019 earnings report.\n5. Capital expenditure — We have a lower capital expenditure in the 2019/20 financial year, compared to the third quarter 2019 earnings report.\n6. Capital expenditure — We have a lower capital expenditure in the 2019/20 financial year, compared to the third quarter 2019 earnings report."
    },
    {
      "id": "17c4ef662bc1e43b05e08b85d70594f5",
      "question": "What are the capital expenditures for Bell Media in 2018 and 2019?",
      "gold_answer": 222,
      "markdown_table_response": "1) The answer is **No**.\n2) The answer is **Yes**.\n3) The answer is **Yes**.",
      "csv_string_response": "The user's question is answered by the following table, which we have taken from the user's questions, and added in our own responses to illustrate the answers.",
      "json_rows_response": "We would like to know the capital expenditures for our Bell Media wireless segment, as well as for our wireline segment. We have added a final answer to the user's question."
    },
    {
      "id": "ade6d7ae1bb6ec9be72d2adb7405213a",
      "question": "What is the percentage of capital expenditures for Bell Wireline out of the BCE capital expenditures in 2019?",
      "gold_answer": 79.81,
      "markdown_table_response": "1. Read this answer carefully and learn the following questions carefully.",
      "csv_string_response": ",2019,2018,$ CHANGE,% CHANGE",
      "json_rows_response": "BCE capital expenditures totaled $3,988  million for the year, up $17 million over 2018."
    },
    {
      "id": "4486b715a52e3d545a06714e47d75a7b",
      "question": "What are the respective goodwill at 2018 and 2019?",
      "gold_answer": [
        "$ 3,178",
        "$ 3,178"
      ],
      "markdown_table_response": "The following table summarizes the aggregate goodwill at 2018 and 2019 as of November 2018 and as of December 31, 2018.",
      "csv_string_response": "(3,069)",
      "json_rows_response": "The following table summarizes the results of the analysis of the potential goodwill of the business at 2018 and 2019."
    },
    {
      "id": "4afee898106225fbf895b6877d2c8a39",
      "question": "What are the respective Net recognized amounts of identifiable assets acquired and liabilities assumed at 2018 and 2019?",
      "gold_answer": [
        "4,195",
        "4,779"
      ],
      "markdown_table_response": "|  |  |  |\n|  |  |  |\n|  |  |  |\n|  |  |  |\n|  |  |  |\n|  |  |  |\n|  |  |  |\n|  |  |  |\n|  |  |  |\n|  |  |  |\n|  |  |  |\n|  |  |  |\n|  |  |  |\n|  |  |  |\n|  |  |  |\n|  |  |  |\n|  |  |  |\n|  |  |  |\n|  |  |  |\n|  |  |  |\n|  |  |  |\n|  |  |  |\n|  |  |  |\n|  |  |  |\n|  |  |  |\n|  |  |  |\n|  |  |  |\n|  |  |  |\n|  |  |  |\n|  |  |  |\n|  |  |  |\n|  |  |  |",
      "csv_string_response": ",\"Estimated at Acquisition and as of December 31, 2018\",Adjustments,\"Based on information provided in the table AND the accompanying text paragraphs below, the estimated net recognized amounts of identifiable assets acquired and liabilities assumed at 2018 and 2019 are $2,956,956 and $5,496,946, respectively, of which $5,000,000 is realized in the aggregate (Net recognized) on the basis of the operating expenses and operating income from operations, which are assumed to be the same as those reported for the relevant year (see Tables 1, 2, and 3 below).",
      "json_rows_response": "-"
    },
    {
      "id": "2885241deeec0bdf705b63f9482407aa",
      "question": "What are the respective equipment notes payable at 2018 and 2019?",
      "gold_answer": [
        "99",
        "93"
      ],
      "markdown_table_response": "We are unable to provide a definitive answer to the user's question as we do not have any information on the specific equipment or equipment notes.",
      "csv_string_response": "The following is a summary of the information provided in the user questionnaire.",
      "json_rows_response": "(1)"
    },
    {
      "id": "040780038bc919431b003eb107daf8f8",
      "question": "What is the percentage change in goodwill between 2018 and 2019?",
      "gold_answer": 0,
      "markdown_table_response": "|  |\n|  |\n|  |\n|  |\n|\n|\n|\n|\n|\n|\n|\n|\n|\n|\n|\n|\n|\n|\n|\n|\n|\n|\n|\n|\n|\n|\n|\n|\n|\n|\n|\n|\n|\n|\n|\n|\n|\n|\n|\n|\n|\n|\n|\n|\n|\n|\n|\n|\n|\n|\n|\n|\n|\n|\n|\n|\n|\n|\n|\n|\n|\n|\n|\n|\n|\n|\n|\n|\n|\n|\n|\n|\n|\n|\n|\n|\n|\n|\n|\n|\n|\n|\n|\n|\n|\n|\n|\n|\n|\n|\n|\n|\n|\n|\n|\n|\n|\n|\n|\n|\n|\n|\n|\n|\n|\n|\n|\n|\n|\n|\n|\n|\n|\n|\n|\n|\n|\n|\n|\n|\n|\n|\n|\n|",
      "csv_string_response": "\"Since January 1, 2018, we have had a net realized loss of $0.9 million. We have a net realized gain of $0.6 million. The net realized loss is reduced by $0.7 million as a result of the $0.6 million acquisition of the business, and by $0.5 million as a result of the $0.5 million sale of the business to another party. We recognize the loss of $0.8 million as a result of the $0.8 million acquisition and of the $0.6 million sale of the business to another party. We recognize the loss of $0.6 million as a result of the $0.6 million acquisition and of the $0.5 million sale of the business to another party. We recognize the loss of $0.5 million as a result of the $0.5 million acquisition and of the $0.5 million sale of the business to another party. We recognize the loss of $0.5 million as a result of the $0.5 million acquisition and of the $0.5 million sale of the business to another party. We recognize the loss of $0.5 million as a result of the $0.5 million acquisition",
      "json_rows_response": "We have used the following question to answer the user's question:"
    },
    {
      "id": "647fcf75a45e4b25b4813595d50d5641",
      "question": "What is the percentage change in Net recognized amounts of identifiable assets acquired and liabilities assumed between 2018 and 2019?",
      "gold_answer": 13.92,
      "markdown_table_response": "The $0.1 million acquisition cost was a result of Golden Ridge’s management team and their efforts to minimize the impact of the acquisition and, as such, did not cause the acquisition to have any material impact on our business. The $0.6 million acquisition cost was attributable to the $0.1 million acquisition cost and the $0.8 million loss. The $0.1 million acquisition cost was primarily caused by our successful integration strategy. The $0.1 million acquisition cost was the primary cause of the $0.1 million acquisition cost, which was not related to the $0.1 million acquisition cost.",
      "csv_string_response": "Trade price, $2.4 million\n$2.0 million",
      "json_rows_response": "{\n    \"\": \"20,000,000 shares of common stock outstanding at closing on December 31, 2018 at $0.6 million, acquired on January 1, 2019 at $0.6 million, acquired on December 31, 2018 at $0.6 million, acquired on January 1, 2019 at $0.6 million, acquired on December 31, 2018 at $0.6 million, acquired on January 1, 2019 at $0.6 million, acquired on December 31, 2017 at $0.6 million, acquired on December 31, 2016 at $0.6 million, acquired on December 31, 2017 at $0.6 million, acquired on December 31, 2016 at $0.6 million, acquired on December 31, 2016 at $0.6 million, acquired on December 31, 2015 at $0.6 million, acquired on December 31, 2014 at $0.6 million, acquired on December 31, 2013 at $0.6 million, acquired on December 31, 2012 at $0.6 million, acquired on December 31, 2011 at $0.6 million, acquired on December 31, 2011 at $0.6 million, acquired on December 31, 2010 at $0.6 million, acquired on December 31,"
    },
    {
      "id": "41c1741702657b1d44e70637d20c7361",
      "question": "What is the percentage change in equipment notes payable between 2018 and 2019?",
      "gold_answer": -6.06,
      "markdown_table_response": "|  |  |  |  |  |  |\n|  |  |  |  |  |  |\n|  |  |  |  |  |  |\n|  |  |  |  |  |  |\n|  |  |  |  |  |  |\n|  |  |  |  |  |  |\n|  |  |  |  |  |  |\n|  |  |  |  |  |  |\n|  |  |  |  |  |  |\n|  |  |  |  |  |  |\n|  |  |  |  |  |  |\n|  |  |  |  |  |  |\n|  |  |  |  |  |  |\n|  |  |  |  |  |  |\n|  |  |  |  |  |  |\n|  |  |  |  |  |  |\n|  |  |  |  |  |  |\n|  |  |  |  |  |  |\n|  |",
      "csv_string_response": "A:",
      "json_rows_response": "[\n  {\n    \"\": \"1,666,667 shares of common stock, at fair value of $3.00 per share at closing\",\n    \"Estimated at Acquisition and as of December 31, 2018\": \"$                          5,000\",\n    \"Adjustments\": \"$                        -\",\n    \"Final as of December 31, 2019\": \"$                      5,000\"\n  },\n  {\n    \"\": \"Golden Ridge financial liabilities paid for the seller\",\n    \"Estimated at Acquisition and as of December 31, 2018\": \"2,661\",\n    \"Adjustments\": \"-\",\n    \"Final as of December 31, 2019\": \"2,661\"\n  },\n  {\n    \"\": \"Cash\",\n    \"Estimated at Acquisition and as of December 31, 2018\": \"409\",\n    \"Adjustments\": \"(63)\",\n    \"Final as of December 31, 2019\": \"409\"\n  },\n  {\n    \"\": \"Working capital adjustment to purchase price\",\n    \"Estimated at Acquisition and as of December 31, 2018\": \"(1,147)\",\n    \"Adjustments\": \"87\",\n    \"Final"
    },
    {
      "id": "9e3547e9fa6ea1ebd5e33d4cc13cd494",
      "question": "When are trade payables paid?",
      "gold_answer": [
        "within 30 days of recognition."
      ],
      "markdown_table_response": "The answer is:",
      "csv_string_response": "We are looking for the average monthly or annual cost of trade payables (a column) for each month. We want to get an average monthly or annual cost of trade payables.",
      "json_rows_response": "The user asked how much the trade and other payables are paid for, and the answer was:"
    },
    {
      "id": "3a4948ba5a728af11df0f79381cb1b37",
      "question": "When are Other payables and accruals paid?",
      "gold_answer": [
        "when amounts fall due"
      ],
      "markdown_table_response": "User 1",
      "csv_string_response": ",2019,2018\n,$'000,$'000\nCurrent,,\nTrade payables,\"3,486\",\"4,184\"\nAccrued expenses,\"6,706\",\"2,717\"\nGST and employment taxes payable,\"2,644\",\"1,256\"\nOther payables,\"6,157\",\"4,161\"\nTotal,\"18,993\",\"12,318\"",
      "json_rows_response": "1. **If**"
    },
    {
      "id": "9123da58f13c1c8bef77a49ea2a56b65",
      "question": "What is the value of trade payables in 2019?",
      "gold_answer": [
        "3,486"
      ],
      "markdown_table_response": "9.5. What is the value of the trade payables in 2019?",
      "csv_string_response": "Please enter your final answer.",
      "json_rows_response": "\"Trade payables are unsecured and are usually paid within 30 days of recognition. Other payables and accruals are paid when amounts fall due.\""
    },
    {
      "id": "ce838d2c3887ab922bbdff374a871455",
      "question": "What is the change in Trade payables from 2018 to 2019?",
      "gold_answer": -698,
      "markdown_table_response": "The user has the ability to answer any user's questions directly by entering the user's answer in the table. The user has the ability to view and edit the user's answer in the table. The user may submit their answer in the table by entering the user's answer in the table. The user may also submit their answer in the table by entering their name and email address.",
      "csv_string_response": "Trade payables are assumed to be the same as their fair value, due to their short-term nature.",
      "json_rows_response": "The change in trade payables is due to the following changes in the table:"
    },
    {
      "id": "4bf4b701fb78e143af873bee710a571a",
      "question": "What is the change in Accrued expenses from 2018 to 2019?",
      "gold_answer": 3989,
      "markdown_table_response": "|  | $'000 | $'000 | $'000 |\n| --- | --- | --- | --- |\n|  | $'000 | $'000 | $'000 |\n| Current |  |  |  |  |\n| Trade payables | 3,486 | 4,184 | 4,184 |\n| Other payables | 6,706 | 2,717 | 2,717 |\n| Total | 18,993 | 12,318 | 12,318 |",
      "csv_string_response": ",",
      "json_rows_response": "1.The user is asked to answer the following question: **Based on the information provided in the table AND the accompanying text paragraphs below**. Do not use any external knowledge."
    },
    {
      "id": "0caaf40358445f815a858c6b3be6e906",
      "question": "What is the change in GST and employment taxes payable from 2018 to 2019?",
      "gold_answer": 1388,
      "markdown_table_response": "**What is the change in GST and employment taxes payable from 2018 to 2019?**",
      "csv_string_response": "Given the above, the user's tax and employment taxes payable would be $1,500,000 in 2018 and $1,972,000 in 2019, respectively.",
      "json_rows_response": "The answers to the user's question will depend on the answers provided in the table."
    },
    {
      "id": "c8495e802204f9dedbf0be6a56b8cc5f",
      "question": "How is the basic net income per share computed?",
      "gold_answer": [
        "by dividing net income by the weighted-average number of common shares outstanding during the period"
      ],
      "markdown_table_response": "1. The basic average shares outstanding are $2,191,430.\n2. The basic average shares outstanding are $2,380,681.\n3. The basic average shares outstanding are $1,697,763.\n4. The basic average shares outstanding are $1,696,763.\n5. The basic average shares outstanding are $1,697,763.\n6. The basic average shares outstanding are $1,697,763.\n7. The basic average shares outstanding are $1,697,763.\n8. The basic average shares outstanding are $1,697,763.\n9. The basic average shares outstanding are $1,697,763.\n10. The basic average shares outstanding are $1,697,763.\n11. The basic average shares outstanding are $1,697,763.\n12. The basic average shares outstanding are $1,697,763.\n13. The basic average shares outstanding are $1,697,763.",
      "csv_string_response": "The following table shows the final answer to the user’s question.",
      "json_rows_response": "The following table shows the final answer to the user question."
    },
    {
      "id": "64e6c4e04d08bcbebeedbaa8f786f79b",
      "question": "How is the diluted net income per share computed?",
      "gold_answer": [
        "using the treasury stock method, for dilutive stock options, restricted stock units, and convertible notes"
      ],
      "markdown_table_response": "**Answer:**",
      "csv_string_response": "What do you think?",
      "json_rows_response": "The answer to the user’s question is **based solely on the information provided in the table AND the accompanying text paragraphs below**. Do not use any external knowledge."
    },
    {
      "id": "9f67dbdc96424ecfce219dcf76be991a",
      "question": "What do the diluted shares outstanding not include?",
      "gold_answer": [
        "any effect resulting from note hedges associated with the Company’s 2018 Notes as their impact would have been anti-dilutive"
      ],
      "markdown_table_response": "|  |  |\n|---|---|---|---\n|  |\n|",
      "csv_string_response": "The following is the final answer to the user's question.",
      "json_rows_response": "**Yes**"
    },
    {
      "id": "654817e4e8755bc7c2059eaac4935247",
      "question": "What is the percentage change in the net income from 2018 to 2019?",
      "gold_answer": -7.95,
      "markdown_table_response": "1",
      "csv_string_response": "Correct Answer:",
      "json_rows_response": "**% Change**"
    },
    {
      "id": "abc0eb38cdb7cf5299467e8d1bbd2347",
      "question": "What is the percentage change in the convertible notes from 2018 to 2019?",
      "gold_answer": -54.23,
      "markdown_table_response": "1. The number of convertible notes is 1,323.",
      "csv_string_response": "\"Yes, I am a data analyst. I understand that the data is too high and you need to lower the numbers to get the data.\"",
      "json_rows_response": "1,697,763, as shown in the table above."
    },
    {
      "id": "6ad0bde371cfef66faf1970bb0c767cd",
      "question": "In which year is the Diluted average shares outstanding is the highest?",
      "gold_answer": [
        "2017"
      ],
      "markdown_table_response": "|  |  |  |  |  |\n| --- | --- | --- | --- |\n|  |  |  |  |  |\n| Numerator: |  |  |  |\n| Net income | $2,191,430 | $2,380,681 | $1,697,763 |\n| Denominator: |  |  |  |  |\n| Basic average shares outstanding | 152,478 | 161,643 | 162,222 |\n| Diluted average shares outstanding | 159,915 | 180,782 | 183,770 |\n| User Question: |  |  |  |\n| User Question: |  |  |  |",
      "csv_string_response": "Since the answer is in the form of numbers and the text is not directly relevant to the user's question, we will give you a formatted version of the answer.",
      "json_rows_response": "The average Diluted shares outstanding is the highest in the Company’s history."
    },
    {
      "id": "e152392e929647248d77b6d3bf9f285b",
      "question": "Which foreign jurisdictions had the greatest effect on the provision for income taxes?",
      "gold_answer": [
        "China",
        "Mexico"
      ],
      "markdown_table_response": "As you can see, the following are the results of your analysis. The results are based on the following table, which may be of interest to you.",
      "csv_string_response": ",,\"Fiscal Years Ended March 31, 2019,\",\n,2019,2018,2017\nAmount computed using the statutory rate (1),\"$5,719\",\"$1,208\",\"$3,965\"\nChange in U.S. valuation allowance,\"(6,949)\",\"(7,080)\",\"(8,008)\",\"(3,148)\"\nOther non-deductible expenses,\"(2,302),(5,033)\",\"(3,834)\",\"(4,236)\",\"(3,949)\"\nDifferences due to U.S. tax law changes (6),\"2,921\",\"(4,594)\",\"(4,948)\",\"(5,143)\"",
      "json_rows_response": "There is no final answer."
    },
    {
      "id": "73cebb2620f32179ef0899312db1bb4a",
      "question": "What was the combined provision for income taxes for China and Mexico in 2019?",
      "gold_answer": [
        "5.7"
      ],
      "markdown_table_response": "1. (1) The provision for income taxes for the fiscal year ended March 31, 2017 is 35%. The Tax Cuts and Jobs Act enacted on December 22, 2017 reduced the U.S. federal corporate tax rate from 35% to 21%, effective January 1, 2018. Based on the fiscal year of the Company ending on March 31, the statutory income tax rate for the fiscal year ended March 31, 2017 is a blended rate of 31.6% based on the number of days in the fiscal year before January 1, 2018 and the number of days in the fiscal after December 31, 2017. The statutory income tax rate for the fiscal year ended March 31, 2019 is 21%.\n(2) The effect of prior year adjustments was offset by a full valuation allowance resulting in no impact on the provision for income taxes.\n(3) Fiscal year ended March 31, 2019 difference consist of $1.5 million related to the expansion of the Sec. 162(m) limitation due to tax law changes.\n(4) Fiscal year ended March 31, 2018 difference consist mostly of $3.7 million related to the revaluation of state net operating loss carryforwards as a result of the change in the federal tax rate.\n(",
      "csv_string_response": "(1)",
      "json_rows_response": "The answers to the user question are as follows:"
    },
    {
      "id": "0341f57cf1bb586e4f9a229faeeba921",
      "question": "What was the Change in foreign operations tax exposure reserves in 2019?",
      "gold_answer": [
        "132"
      ],
      "markdown_table_response": "Answer the following question:",
      "csv_string_response": ",,\"Fiscal Years Ended March 31, 2019,\",\n,2019,2018,2017\nAmount computed using the statutory rate (1),\"$35,791\",\"$59,162\",\"$3,722\"\nChange in U.S. valuation allowance (2),\"2,127\",\"(1,337)\",\"1,789\"\nChange in U.S. tax law (3),\"4,553\",\"22,238\",\"1,835\"\nIRC section 162(m) limitation (3),\"4,766\",—,—\nExpired foreign tax credits,—,407,\"4,766\"\nDeduction related to APA settlement,\"(2,309)\",—,—\nTax-deductible equity compensation,\"(4,215)\",\"(5,699)\",(44)\nOther non-deductible expenses,\"(44),220,(893)\nDifferences due to U.S. tax law changes (3),—,\"50,420\",—\n\"State income taxes, net of federal taxes (5)\",(695),\"(3,325)\"\nChange in foreign operations tax exposure reserves,132,\"1,059\",108\nForeign tax rate differential,\"",
      "json_rows_response": "The final answer is:"
    },
    {
      "id": "5108c8d463a13aeb0b5aaa52df89841d",
      "question": "What was the change in the Amount computed using the statutory rate between 2018 and 2019?",
      "gold_answer": -23371,
      "markdown_table_response": "The user is asked to provide a short, short answer.",
      "csv_string_response": "The answer is:",
      "json_rows_response": "The answer is:"
    },
    {
      "id": "22869fbea2bc86a141760ce9a81655b7",
      "question": "What was the change in the Effect of prior year adjustments between 2017 and 2019?",
      "gold_answer": 661,
      "markdown_table_response": "**1.** The effect of prior year adjustments were offset by a full valuation allowance resulting in no impact on the provision for income taxes.\n**2.** Fiscal year ended March 31, 2019 difference consist of $1.5 million related to the revaluation of state net operating loss carryforwards as a result of the change in the federal tax rate.\n**3.** Fiscal year ended March 31, 2018 differences due to tax law changes consist of $4.8 million related to foreign earnings and $45.6 million related to tax rate adjustment. $45.6 million related to tax rate adjustment is the gross deferred rate change, which is offset by valuation allowance adjustment, resulting in a net benefit of $0.8 million.\n**4.** The change in foreign operations valuation allowance excludes other comprehensive income and currency translation adjustments of $3.8 million, $(3.4) million, and $0.9 million for fiscal years ended 2019, 2018 and 2017, respectively, which has no impact on the provision for income taxes.\n**5.** Fiscal year ended March 31, 2019 difference consist mainly of $3.7 million related to the revaluation of state net operating loss carryforwards as a result of the change in",
      "csv_string_response": "**Question 2**",
      "json_rows_response": "**1**"
    },
    {
      "id": "90171f039b2b0af836e5594a59a87061",
      "question": "What was the percentage change in Provision for income tax expense (benefit) between 2017 and 2018?",
      "gold_answer": 112.67,
      "markdown_table_response": "1.",
      "csv_string_response": "(1) Provision for income tax expense (benefit) for FY19 to FY20 is $5.7 million, $3.8 million, and $3.1 million, respectively.\n(2) Provision for income tax expense (benefit) for FY19 to FY20 is $5.7 million, $3.8 million, and $3.1 million, respectively.\n(3) Provision for income tax expense (benefit) for FY19 to FY20 is $5.7 million, $3.8 million, and $3.1 million, respectively.\n(4) Provision for income tax expense (benefit) for FY19 to FY20 is $5.7 million, $3.8 million, and $3.1 million, respectively.\n(5) Provision for income tax expense (benefit) for FY19 to FY20 is $5.7 million, $3.8 million, and $3.1 million, respectively.\n(6) Provision for income tax expense (benefit) for FY19 to FY20 is $5.7 million, $3.8 million, and $3.1 million, respectively.",
      "json_rows_response": ""
    },
    {
      "id": "742a43606bc33b39bf3ba7861d3c34a0",
      "question": "What is the number of shares to be increased under the shareholders approved amendment?",
      "gold_answer": [
        "2,000,000"
      ],
      "markdown_table_response": "The following questions are based on the questions in the table.",
      "csv_string_response": "What is the number of shares to be decreased under the shareholders approved amendment?",
      "json_rows_response": "Given the amount of stock options granted, what is the number of shares to be increased under the shareholders approved amendment?"
    },
    {
      "id": "bb8c947816eccb0bce89213be8cf8bfe",
      "question": "What is the authorized common stock for issuance under the plan?",
      "gold_answer": [
        "4,650,000"
      ],
      "markdown_table_response": "RSAs",
      "csv_string_response": "RSAs Grant Date Fair Value,2018,Grant Date Fair Value,2017,Grant Date Fair Value",
      "json_rows_response": "Please provide the final answer to the user's question."
    },
    {
      "id": "cae49496d2fc55436a2bb9d00df5dcec",
      "question": "What were the RSAs granted in 2019?",
      "gold_answer": [
        "551,214"
      ],
      "markdown_table_response": "|  |  |  | Year Ended December 31, 2019 |  |  |  |\n| --- | --- | --- | --- | --- | --- | --- |\n| RSAs Granted |   |   |   |   |   |   |   |\n| PSAs Granted |   |   |   |   |   |   |   |\n| Total |   |   |   |   |   |   |   |",
      "csv_string_response": "The RSAs granted in 2019 were received by the Compensation Committee of the Board of Directors, and they were granted to the Board of Directors by the shareholders.\nThe following table summarizes the RSAs granted in 2019:",
      "json_rows_response": "The following are the results of the following question:"
    },
    {
      "id": "c2746b2e498e36636da880a03002c652",
      "question": "What was the increase / (decrease) in the RSAs granted from 2018 to 2019?",
      "gold_answer": 73004,
      "markdown_table_response": "|  |  |  | Year Ended December 31, 2019, 2018, 2017, 2018 |  |  |  |\n| --- | --- | --- | --- | --- | --- | --- |\n|  | Grant Date Fair Value | Grant Date Fair Value | Grant Date Fair Value | Grant Date Fair Value | Grant Date Fair Value |\n| RSAs Granted | $ 1,945,945 | $ 11.45 | $ - | - | $ - | - |\n| PSAs Granted | $ 1,531,054 | $ 12.45 | $ - | - | - | - |\n| Total | $ 1,945,945 |  | - | - | - | - |",
      "csv_string_response": "1. R-1",
      "json_rows_response": "2018"
    },
    {
      "id": "5745196398b3689e34ad6098849b0269",
      "question": "What was the average PSAs granted for 2017-2019?",
      "gold_answer": 136218,
      "markdown_table_response": "|  |  |  | Year Ended December 31, 2018 |  |  |  |\n| --- | --- | --- | --- | --- | --- | --- |\n|  | 1,000,000 | $  | 0.00 | - | - | - | - | - |\n|  | 1,000,000 | $  | 0.00 | - | - | - | - | - |\n|  | 1,000,000 | $  | 0.00 | - | - | - | - | - |\n|  | 1,000,000 | $  | 0.00 | - | - | - | - | - |\n|  | 1,000,000 | $  | 0.00 | - | - | - | - | - |\n|  | 1,000,000 | $  | 0.00 | - | - | - | - | - |\n|  | 1,000,000 | $  | 0.00 | - | - | - | - | - |\n|  | 1,000,000 | $  | 0.00 | - | - | - | - | - |\n|",
      "csv_string_response": "The average PSAs granted for 2017-2019 are:",
      "json_rows_response": "The answer to the user's question is:"
    },
    {
      "id": "7f9ac26d62e28f2366b9453d13c78fc1",
      "question": "What was the percentage increase in the PSAs granted from 2017 to 2019?",
      "gold_answer": 905.01,
      "markdown_table_response": "|  |  |  |\n| --- | --- | --- | --- | --- | --- |\n| **Percentage Increase** |  |  |  |  |  |  |\n|  |  |  |  |  |  |  |  |  |\n|  |  |  |  |  |  |  |  |  |\n|  |  |  |  |  |  |  |  |  |\n|  |  |  |  |  |  |  |  |  |\n|  |  |  |  |  |  |  |  |  |\n|  |  |  |  |  |  |  |  |  |\n|  |  |  |  |  |  |  |  |  |\n|  |  |  |  |  |  |  |  |  |\n|  |  |  |  |  |  |  |  |  |\n|  |  |  |  |  |  |  |  |  |\n|  |  |  |  |  |  |",
      "csv_string_response": "1, 1,000,000",
      "json_rows_response": "#6.6.2.3.1"
    },
    {
      "id": "100171f6bba38d5bbaa9a8cc03ea98f9",
      "question": "In which years was the equity in net earnings of affiliates recorded for?",
      "gold_answer": [
        "2019",
        "2018"
      ],
      "markdown_table_response": "In 2013 we registered a $15.8 million equity in net earnings of affiliates as a result of the acquisition of Tefera by Masdar. We did not record a change in the equity in net earnings of other affiliates.",
      "csv_string_response": "2016,December 31,\n(in thousands of $),2018,2018,Change,% Change\nShare in net (loss)/earnings in Golar Partners,\"(20,050)\",\"7,001\",\"(27,051)\",(386)%",
      "json_rows_response": "The following table presents the adjusted, first-line and second-line information:"
    },
    {
      "id": "fc3c4cd8835dbd8f40341a85e205f568",
      "question": "What does the share of net earnings in other affiliates represent?",
      "gold_answer": [
        "Share of equity in Egyptian Company for Gas Services S.A.E (\"ECGS\") and Avenir LNG Limited (\"Avenir\")."
      ],
      "markdown_table_response": "The shares of equity in other affiliates are as follows:",
      "csv_string_response": "You will get a second best answer on the following question.",
      "json_rows_response": "We believe the following is a better answer to the user's question:"
    },
    {
      "id": "581abfc2b289f459b36a632c5b8c44c9",
      "question": "What accounted for the decrease in the share of net earnings in Golar Partners?",
      "gold_answer": [
        "Due to a decrease in underlying performance of Golar Partners and fair value adjustment for the year ended December 31, 2019."
      ],
      "markdown_table_response": "A. The share of net earnings in Golar Partners declined to 19.9% of the net earnings of affiliates as a result of the impairment of $149.4 million. As a result of the decline in the share of net earnings in Golar Partners, the fair value adjustment of $149.4 million was adjusted to reflect the decrease in the share of net earnings in Golar Partners.",
      "csv_string_response": "The following table presents our final answer to the user question.",
      "json_rows_response": "A."
    },
    {
      "id": "6eb998188752bbe35e723cadd8b492e8",
      "question": "In which year was the share of net (losses)/earnings in other affiliates higher?",
      "gold_answer": [
        "2018"
      ],
      "markdown_table_response": "The answer to your question is NO.",
      "csv_string_response": "1.",
      "json_rows_response": "For our analysis, we have analyzed the results of our first step, which is to generate a table of net earnings in the following order:"
    },
    {
      "id": "28cfe0e549e18323cd9f1b0f1f49d85f",
      "question": "What was the change in ownership interest in Golar Partners held from 2018 to 2019?",
      "gold_answer": 0,
      "markdown_table_response": "The answer is the following:",
      "csv_string_response": "The information contained in the table was prepared for the benefit of our management team. In order to be able to answer the question, the information contained in the table should be used as the final answer.",
      "json_rows_response": "1. We held a 32.0% (2018: 32.0%) ownership interest in Golar Partners."
    },
    {
      "id": "f1457678b3b0811d5146ea5033683164",
      "question": "What was the percentage change in impairment of investment in Golar Partners?",
      "gold_answer": -100,
      "markdown_table_response": "1. Because of a decline in the share of net earnings in Golar Partners, Golar Partners lost a large share of the market share in the share of net earnings in Avenir.\n2. The stock price in Avenir dropped more than $9.2 million during the year ended December 31, 2018, and the stock price in Golar Partners was also declining.\n3. Avenir's share of the market share in the share of net earnings in other affiliates increased more than $5.7 million during the year ended December 31, 2018.\n4. The market share in the share of net earnings in Golar Partners increased more than $3 million during the year ended December 31, 2018.",
      "csv_string_response": "We changed to a new method of analysis in order to answer the user's question in the first place. We used the following equation to compute the percentage change in the impairment of investment in Golar Partners:",
      "json_rows_response": "The answer to the user question **based ONLY on the information provided in the table AND the accompanying text paragraphs below** was **99.5%** in our case and **0%** in the case of the company's principal."
    },
    {
      "id": "a01a8cb8754b58eb1164c382080f56da",
      "question": "What does Cash and Cash Equivalents include?",
      "gold_answer": [
        "cash on hand, demand deposits and short-term investments with original maturities of three months or less"
      ],
      "markdown_table_response": "1. The Company's Cash and Cash Equivalents include the following:",
      "csv_string_response": "The total of the following amounts:",
      "json_rows_response": "\"What does $802.1 include?\""
    },
    {
      "id": "e468fefad43b7620335b498ea941c4c0",
      "question": "What was the Cash and cash equivalents in 2019?",
      "gold_answer": [
        "$1,501.2"
      ],
      "markdown_table_response": "**1**",
      "csv_string_response": "Cash and Cash Equivalents",
      "json_rows_response": "The following table summarizes the answers to the user's question in the first column:"
    },
    {
      "id": "12cf3a1c59b97362f9d3a270158e7d13",
      "question": "What was the Restricted cash in 2017?",
      "gold_answer": [
        "152.8"
      ],
      "markdown_table_response": "All $1,578.0 is derived from the Restricted cash.",
      "csv_string_response": "Restricted cash was $1,278.8 million, a figure derived from a combination of the following:",
      "json_rows_response": "A. $4,189,819\nB. $4,189,819"
    },
    {
      "id": "3e5ce768bd22c7caf20f1d1aef8f5223",
      "question": "What was the change in Cash and cash equivalents between 2017 and 2018?",
      "gold_answer": 406.6,
      "markdown_table_response": "1. In 2017, the Cash and Cash Equivalents increased by $1,508,000, the Cash and Cash Equivalents decreased by $1,208,000, and the Restricted Cash increased by $1,304,000.\n2. In 2018, the Cash and Cash Equivalents decreased by $1,508,000, the Cash and Cash Equivalents increased by $1,208,000, and the Restricted Cash increased by $1,304,000.\n3. In 2017, the Cash and Cash Equivalents increased by $1,508,000, the Cash and Cash Equivalents decreased by $1,208,000, and the Restricted Cash increased by $1,304,000.\n4. In 2018, the Cash and Cash Equivalents decreased by $1,508,000, the Cash and Cash Equivalents increased by $1,208,000, and the Restricted Cash increased by $1,304,000.\n5. In 2017, the Cash and Cash Equivalents decreased by $1,508,000, the Cash and Cash Equivalents increased by $1,208,000, and the Restricted Cash increased by $1,304",
      "csv_string_response": "1.",
      "json_rows_response": "The answer to the user's question is **based ONLY on the information provided in the Table AND the accompanying text paragraphs below**. Do not use any external knowledge."
    },
    {
      "id": "ea536b3ee6ad542b8ba6ac286f69708a",
      "question": "What was the change in restricted cash between 2018 and 2019?",
      "gold_answer": -19.4,
      "markdown_table_response": "The answer is:",
      "csv_string_response": "1,1,1,1,1,1,1,1,1,1,1,1,1,1,1,1,1,1,1,1,1,1,1,1,1,1,1,1,1,1,1,1,1,1,1,1,1,1,1,1,1,1,1,1,1,1,1,1,1,1,1,1,1,1,1,1,1,1,1,1,1,1,1,1,1,1,1,1,1,1,1,1,1,1,1,1,1,1,1,1,1,1,1,1,1,1,1,1,1,1,1,1,1,1,1,1,1,1,1,1,1,1,1,1,1,1,1,1,1,1,1,1,1,1,1,1,1,1,1,1,1,1,1,1,1,1,1,1,",
      "json_rows_response": "As you can see, the total restricted cash was $1,208.7 million."
    },
    {
      "id": "90fe2b41c9523249f82744554c978991",
      "question": "What was the percentage change in Total cash, cash equivalents and restricted cash between 2018 and 2019?",
      "gold_answer": 20.93,
      "markdown_table_response": "1",
      "csv_string_response": "You have 30 seconds to answer the user's question.",
      "json_rows_response": "Fixed and variable cost structure."
    },
    {
      "id": "9320ef50557cbf45266a37af7116ebfe",
      "question": "What is the topic of this note?",
      "gold_answer": [
        "Reconciliation of liabilities from financing activities"
      ],
      "markdown_table_response": "We are seeking the following information:",
      "csv_string_response": "",
      "json_rows_response": "The user will be asked to provide the following (the answer can be found in the section titled “Summary of the answers”)."
    },
    {
      "id": "969b68fc6f6f25f342102d5f8f7319de",
      "question": " Which year does the information in the table relate to?",
      "gold_answer": [
        "2018"
      ],
      "markdown_table_response": "1. S$ Mil",
      "csv_string_response": "The table shows the non-cash changes for the following year:",
      "json_rows_response": "**As at 1 April 2017**"
    },
    {
      "id": "487d16d4c65d212490edf8096840da2d",
      "question": "What is included in the line item \"financing cash flows\"?",
      "gold_answer": [
        "The cash flows comprise the net amount of proceeds from borrowings and repayments of borrowings, net interest paid on borrowings, and settlement of swaps for bonds repaid in the statement of cash flows."
      ],
      "markdown_table_response": "1. If you are not sure, please tell us which of the following you are thinking:",
      "csv_string_response": "The final answer to this user question should be:",
      "json_rows_response": "The user is asked to answer the question:"
    },
    {
      "id": "94d099d8cf03272c4750a76ec5e42b8c",
      "question": "How many categories of liabilities are there?",
      "gold_answer": "5",
      "markdown_table_response": "|  | Bonds | Bank loans | Finance lease liabilities | Interest payable | Derivative financial instruments |\n| --- | --- | --- | --- | --- | --- |\n| Group - 2018 | S$ Mil | S$ Mil | S$ Mil | S$ Mil | S$ Mil | S$ Mil |\n| As at 1 April 2017 | 8,726.6 | 2,306.3 | 198.2 | 142.7 | (245.3) |\n| Financing cash flows (1) | (506.2) | 222.6 | (28.3) | (379.9) | 61.4 |\n| Non-cash changes: |  |  |  |  |  |\n| Fair value adjustments | (65.4) | - | - | - | 107.8 |\n| Amortisation of bond discount | 3.2 | - | - | - | - |\n| Foreign exchange movements | (273.3) | (58.5) | (0.5) | (8.5) | 11.5 |\n| Acquisition of subsidiary | - | 31.3 | 8.7 | - |  |\n| Additions",
      "csv_string_response": "4,505.9",
      "json_rows_response": ""
    },
    {
      "id": "b0b1580d6fd9fc014e30a5f20a25df66",
      "question": "How many types of non-cash changes are there?",
      "gold_answer": "7",
      "markdown_table_response": "|  | Bonds | Bank loans | Finance lease liabilities | Interest payable | Derivative financial instruments |\n| --- | --- | --- | --- | --- | --- |\n| Group - 2018 | S$ Mil | S$ Mil | S$ Mil | S$ Mil | S$ Mil | S$ Mil |\n| As at 1 April 2017 | 8,726.6 | 2,306.3 | 198.2 | 142.7 | (245.3) |\n| Financing cash flows (1) | (506.2) | 222.6 | (28.3) | (379.9) | 61.4 |\n| Non-cash changes: |  |  |  |  |  |\n| Fair value adjustments | (65.4) | - | - | - | 107.8 |\n| Amortisation of bond discount | 3.2 | - | - | - | - |\n| Foreign exchange movements | (273.3) | (58.5) | (0.5) | (8.5) | 11.5 |\n| Acquisition of subsidiary | - | 31.3 | 8.7 | - |  |\n| Additions",
      "csv_string_response": "(1) 0",
      "json_rows_response": "[\n  {\n    \"\": \"Bonds\",\n    \"Bonds\": \"S$ Mil\",\n    \"Finance lease liabilities\": \"S$ Mil\",\n    \"Interest payable\": \"S$ Mil\",\n    \"Derivative financial instruments\": \"S$ Mil\"\n  },\n  {\n    \"\": \"Bonds\",\n    \"Bonds\": \"S$ Mil\",\n    \"Finance lease liabilities\": \"S$ Mil\",\n    \"Interest payable\": \"S$ Mil\",\n    \"Derivative financial instruments\": \"S$ Mil\"\n  },\n  {\n    \"\": \"Bonds\",\n    \"Bonds\": \"S$ Mil\",\n    \"Finance lease liabilities\": \"S$ Mil\",\n    \"Interest payable\": \"S$ Mil\",\n    \"Derivative financial instruments\": \"S$ Mil\"\n  },\n  {\n    \"\": \"Bonds\",\n    \"Bonds\": \"S$ Mil\",\n    \"Finance lease liabilities\": \"S$ Mil\",\n    \"Interest payable\": \"S$ Mil\",\n    \"Derivative financial instruments\": \"S$ Mil\"\n  },\n  {"
    },
    {
      "id": "efbf063ef0597846c5ddf3cc1b7b72e4",
      "question": "Which type of non-cash change has the largest impact in terms of the categories of liabilities that it affects?",
      "gold_answer": [
        "Foreign exchange movements"
      ],
      "markdown_table_response": "1. Non-cash changes (i.e. bonds and cash)\n2. Borrowings\n3. Swaps\n4. Refunds",
      "csv_string_response": "1.",
      "json_rows_response": ""
    },
    {
      "id": "107f1d63d192600d57e2f2e2a1573e24",
      "question": "What are the US$ values for 2015 to 2018 translated for?",
      "gold_answer": [
        "Translated for the convenience of the reader from euro into U.S. dollars at the Noon Buying Rate for converting euro into U.S. dollars on the dividend payment date."
      ],
      "markdown_table_response": "1.1",
      "csv_string_response": "€",
      "json_rows_response": "[\n  {\n    \"\": \"US$\",\n    \"Dividend Paid per Ordinary Share\": \"€\"\n  },\n  {\n    \"\": \"1.30 (1)\",\n    \"Dividend Paid per Ordinary Share\": \"1.15\"\n  },\n  {\n    \"\": \"1.37 (1)\",\n    \"Dividend Paid per Ordinary Share\": \"1.25\"\n  },\n  {\n    \"\": \"1.65 (1)\",\n    \"Dividend Paid per Ordinary Share\": \"1.40\"\n  },\n  {\n    \"\": \"1.73 (2), (3)\",\n    \"Dividend Paid per Ordinary Share\": \"1.58 (2)\"\n  }\n]"
    },
    {
      "id": "03579c594a67694969eec518db122b36",
      "question": "What is the US$ value for 2019 translated for?",
      "gold_answer": [
        "the convenience of the reader from euro into U.S. dollars at the Noon Buying Rate for converting euro into U.S. dollars on February 7, 2020 of US$1.0950 per €1.00"
      ],
      "markdown_table_response": "1. The number of ordinary shares is 1.0.\n2. The number of ordinary shares is 1.0.\n3. The number of ordinary shares is 1.0.\n4. The number of ordinary shares is 1.0.\n5. The number of ordinary shares is 1.0.\n6. The number of ordinary shares is 1.0.\n7. The number of ordinary shares is 1.0.\n8. The number of ordinary shares is 1.0.\n9. The number of ordinary shares is 1.0.\n10. The number of ordinary shares is 1.0.\n11. The number of ordinary shares is 1.0.\n12. The number of ordinary shares is 1.0.\n13. The number of ordinary shares is 1.0.\n14. The number of ordinary shares is 1.0.\n15. The number of ordinary shares is 1.0.\n16. The number of ordinary shares is 1.0.\n17. The number of ordinary shares is 1.0.\n18. The number of ordinary shares is 1.0.\n19. The number of ordinary shares is 1.0.\n20. The number of ordinary shares is 1",
      "csv_string_response": "€",
      "json_rows_response": "$"
    },
    {
      "id": "f9e862f9f2b464041409f502e45d2c37",
      "question": "In which years is the Annual Dividends Paid and Proposed provided?",
      "gold_answer": [
        "2015",
        "2016",
        "2017",
        "2018",
        "2019"
      ],
      "markdown_table_response": "2016",
      "csv_string_response": "2015,1.15,1.30 (1)\n2016,1.25,1.37 (1)\n2017,1.40,1.65 (1)\n2018,1.50,1.68 (1)\n2019 (proposed),1.58 (2),\"1.73 (2), (3)\"",
      "json_rows_response": "2015"
    },
    {
      "id": "287698fe88f19a7fdff20525435ead5b",
      "question": "In which year was the dividend paid per ordinary share in € the largest?",
      "gold_answer": [
        "2019"
      ],
      "markdown_table_response": "The answer is 1.08.",
      "csv_string_response": "Dividend paid per ordinary share in euro",
      "json_rows_response": "2014"
    },
    {
      "id": "ff6211402b4a547aff3f4197073e0423",
      "question": "What was the change in Dividend Paid per Ordinary Share in € in 2016 from 2015?",
      "gold_answer": 0.1,
      "markdown_table_response": "The final answer is in the form of a question that is subject to the guidance and approval of the Executive Board and the Supervisory Board of SAP SE.",
      "csv_string_response": "The following table sets forth the final dividend paid per ordinary share in respect of each of the years indicated. One SAP ADR currently represents one SAP SE ordinary share. Accordingly, the final dividend per ADR is equal to the dividend for one SAP SE ordinary share and is dependent on the euro/U.S. dollar exchange rate. The table does not reflect tax credits that may be available to German taxpayers who receive dividend payments. If you own our ordinary shares or ADRs and if you are a U.S. resident, refer to “Item 10. Additional Information — Taxation,” for further information.\n(1) Translated for the convenience of the reader from euro into U.S. dollars at the Noon Buying Rate for converting euro into U.S. dollars on the dividend payment date. The Depositary is required to convert any dividend payments received from SAP as promptly as practicable upon receipt.\n(2) Subject to approval at the Annual General Meeting of Shareholders of SAP SE currently scheduled to be held on May 15, 2020.\n(3) Translated for the convenience of the reader from euro into U.S. dollars at the Noon Buying Rate for converting euro into U.S. dollars on February 7,",
      "json_rows_response": "The result of the calculation of the Dividend Paid per Ordinary Share in € is €1.985 per €1.00."
    },
    {
      "id": "6cf8ec5b621c2ad7848f6a65ac0063d5",
      "question": "What was the percentage change in Dividend Paid per Ordinary Share in € in 2016 from 2015?",
      "gold_answer": 8.7,
      "markdown_table_response": "1",
      "csv_string_response": "The following table sets forth the final dividend paid or proposed to be paid per ordinary share in respect of each of the years indicated. The table does not reflect tax credits that may be available to German taxpayers who receive dividend payments. If you own our ordinary shares or ADRs and if you are a U.S. resident, refer to “Item 10. Additional Information — Taxation,” for further information.\n(1) Translated for the convenience of the reader from euro into U.S. dollars at the Noon Buying Rate for converting euro into U.S. dollars on the dividend payment date. The Depositary is required to convert any dividend payments received from SAP as promptly as practicable upon receipt.\n(2) Subject to approval at the Annual General Meeting of Shareholders of SAP SE currently scheduled to be held on May 15, 2020.\n(3) Translated for the convenience of the reader from euro into U.S. dollars at the Noon Buying Rate for converting euro into U.S. dollars on February 7, 2020 of US$1.0950 per €1.00. The dividend paid may differ due to changes in the exchange rate.\n(4) Subject to approval at the Annual General Meeting of Share",
      "json_rows_response": "1"
    },
    {
      "id": "5cf9d1ffc30dc6778c87af9ccfd7840b",
      "question": "What is the percentage increase in CTS sales in 2019?",
      "gold_answer": [
        "27%"
      ],
      "markdown_table_response": "* * *",
      "csv_string_response": ",Fiscal 2019,Fiscal 2018,% Change\n,Fiscal 2019,Fiscal 2018,% Change\n,,(in millions),\nSales,$  849.8,$  670.7,27 %\nOperating income,77.2,60.4,28\nAdjusted EBITDA,110.5,73.3,51",
      "json_rows_response": "{\n  \"Fiscal 2019\": \"55.9\",\n  \"Fiscal 2018\": \"55.0\",\n  \"% Change\": \"46%\"\n}"
    },
    {
      "id": "f57289cb36aad8d9f704b97368a28bcb",
      "question": "What resulted in the increase in the amortization of purchased intangibles included in the CTS operating results?",
      "gold_answer": [
        "amortization of purchased intangibles for companies acquired by CTS in fiscal year 2019."
      ],
      "markdown_table_response": "|  | Fiscal 2019 | Fiscal 2018 | % Change |\n| --- | --- | --- | --- |\n|  |  | (in millions) |  |\n| Sales | $  921.7 | $  666.2 | 26 % |\n| Operating income | 57.5 | 50 | 21 |\n| Adjusted EBITDA | 211.9 | 162.9 | 71 |",
      "csv_string_response": "The final answer to the user question **based only on the information provided in the table AND the accompanying text paragraphs below** is **No**.",
      "json_rows_response": "Please enter the following answers in the comments section. If you have more than one answer, please select the one with the highest number of correct answers. Your answer should be marked as \"Yes\" if you answered \"Yes\" to the question."
    },
    {
      "id": "c691cdcabce4c06d371dc5757b6c0a44",
      "question": "Which locations are responsible for driving the increase in sales in 2019?",
      "gold_answer": [
        "New York",
        "Boston",
        "San Francisco Bay Area",
        "Australia"
      ],
      "markdown_table_response": "The following is the final answer to the user question.",
      "csv_string_response": "All locations are responsible for the increase in sales for 2019 in the following ways:",
      "json_rows_response": "{\n  \"\": \"\"\n}"
    },
    {
      "id": "b4eea9ff6cbab8ca09b4e3ad98c064e1",
      "question": "How many items had a % change that is less than 50%?",
      "gold_answer": "2",
      "markdown_table_response": "1. The total number of items (as well as the number of sections and subsections) was:\n* Unassigned\n* Unassigned\n* Unassigned\n* Unassigned\n* Unassigned\n* Unassigned\n* Unassigned\n* Unassigned\n* Unassigned\n* Unassigned\n* Unassigned\n* Unassigned\n* Unassigned\n* Unassigned\n* Unassigned\n* Unassigned\n* Unassigned\n* Unassigned\n* Unassigned\n* Unassigned\n* Unassigned\n* Unassigned\n* Unassigned\n* Unassigned\n* Unassigned\n* Unassigned\n* Unassigned\n* Unassigned\n* Unassigned\n* Unassigned\n* Unassigned\n* Unassigned\n* Unassigned\n* Unassigned\n* Unassigned\n* Unassigned\n* Unassigned\n* Unassigned\n* Unassigned\n* Unassigned\n* Unassigned\n* Unassigned\n* Unassigned\n* Unassigned\n* Unassigned\n* Unassigned\n* Unassigned",
      "csv_string_response": "How many items had a % change that is less than 50%?",
      "json_rows_response": "5"
    },
    {
      "id": "382db12a3a49ded71cc3f7e3924f8636",
      "question": "What is the change in Adjusted EBITDA from 2018 to 2019?",
      "gold_answer": 37.2,
      "markdown_table_response": "2",
      "csv_string_response": ",",
      "json_rows_response": "The answer to the user's question **based ONLY on the information provided in the table AND the accompanying text paragraphs below** is **$110.5 million**."
    },
    {
      "id": "0372329c6901d9328da3b462417969ef",
      "question": "What is the average annual operating income in 2018 and 2019?",
      "gold_answer": 68.8,
      "markdown_table_response": "|  | Fiscal 2019 | Fiscal 2018 | % Change |\n| --- | --- | --- | --- |\n|  |  | (in millions) |  |\n| Sales | $  843.7 | $  632.4 | 11 % |\n| Operating income | 82.8 | 58.5 | 13 % |\n| Adjusted EBITDA | 80.0 | 78.3 | 28 % |",
      "csv_string_response": ", Fiscal 2019,Fiscal 2018,% Change\n,,(in millions),\nSales,$  849.8,$  670.7,27 %\nOperating income,77.2,60.4,28\nAdjusted EBITDA,110.5,73.3,51",
      "json_rows_response": "**Achieving a good understanding of the subject is extremely important. The answer should be based solely on the information provided in the table AND the accompanying text paragraphs below**."
    },
    {
      "id": "dacba996238131f4c27a870ce866bc31",
      "question": "How much did net sales change between 2017 and 2018?",
      "gold_answer": [
        "19.7"
      ],
      "markdown_table_response": "|  | For the Fiscal Years Ended |  |  |  |\n| --- | --- | --- | --- | --- |\n|  | $19.7 million |  | $8.4 million | $8.4 million |\n| Segment operating income (loss) (1) | $3.6 million | 0.1% | $0.1 million |",
      "csv_string_response": ",",
      "json_rows_response": "1. Let's look at the net sales for the entire fiscal year. Since the fiscal year ended in 2018, net sales have increased by $20.8 million. It was originally thought that the net sales would have increased by $2.5 million. However, the net sales for the entire fiscal year are shown below."
    },
    {
      "id": "bc0f5dc715ed31d9471b37d2dcbb5a99",
      "question": "How much did segment operating income change between 2017 and 2018?",
      "gold_answer": [
        "12.7"
      ],
      "markdown_table_response": "|  |\n|\n|  |\n|\n|\n|\n|\n|\n|\n|\n|\n|\n|\n|\n|\n|\n|\n|\n|\n|\n|\n|\n|\n|\n|\n|\n|\n|\n|\n|\n|\n|\n|\n|\n|\n|\n|\n|\n|\n|\n|\n|\n|\n|\n|\n|\n|\n|\n|\n|\n|\n|\n|\n|\n|\n|\n|\n|\n|\n|\n|\n|\n|\n|\n|\n|\n|\n|\n|\n|\n|\n|\n|\n|\n|\n|\n|\n|\n|\n|\n|\n|\n|\n|\n|\n|\n|\n|\n|\n|\n|\n|\n|\n|\n|\n|\n|\n|\n|\n|\n|\n|\n|\n|\n|\n|\n|\n|\n|\n|\n|\n|\n|\n|\n|\n|\n|\n|\n|\n|\n|\n|\n|\n|\n|\n|",
      "csv_string_response": "The final answer to the user question is:",
      "json_rows_response": "Based on the information provided in the table above, the user has the following options:\n1. $19.7 million to $182.2 million for the Fiscal Years Ended segment\n2. $21.4 million to $202.0 million for the Fiscal Years Ended segment\n3. $21.4 million to $202.0 million for the Fiscal Years Ended segment\n4. $21.4 million to $202.0 million for the Fiscal Years Ended segment\n5. $21.4 million to $202.0 million for the Fiscal Years Ended segment\n6. $21.4 million to $202.0 million for the Fiscal Years Ended segment"
    },
    {
      "id": "720e234d5d8c898464ab864a2f524fff",
      "question": "What was the amount of net sales in 2017?",
      "gold_answer": [
        "182,228"
      ],
      "markdown_table_response": "1.  1.1.0.0.0.0.0.0.0.0.0.0.0.0.0.0.0.0.0.0.0.0.0.0.0.0.0.0.0.0.0.0.0.0.0.0.0.0.0.0.0.0.0.0.0.0.0.0.0.0.0.0.0.0.0.0.0.0.0.0.0.0.0.0.0.0.0.0.0.0.0.0.0.0.0.0.0.0.0.0.0.0.0.0.0.0.0.0.0.0.0.0.0.0.0.0.0.0.0.0.0.0.0.0.0.0.0.0.0.0.0.0.0.0.0.0.0.0.0.0.0.0.0.0.0.0.0",
      "csv_string_response": ",For the Fiscal Years Ended,,,\n,\"March 31, 2018\",,\"March 31, 2017\",\n,\"$197,869\",,\"$179,279\",\nSegment operating income (loss) (1),\"3,615\",1.7%,\"(9,048)\",(5.0)%",
      "json_rows_response": "We have reviewed the final answer to the user's question in full detail, as well as the table below, and will present the final answer to the user's question in a future issue of our blog."
    },
    {
      "id": "05eb4bf6b50c8375b2e6cf3416e4b419",
      "question": "How many years did net sales exceed $200,000 thousand?",
      "gold_answer": "1",
      "markdown_table_response": "|  | For the Fiscal Years Ended |  |  |  |\n| --- | --- | --- | --- | --- |\n|  | March 31, 2018 |  | March 31, 2017 |  |\n|  | Amount | % to Net Sales | Amount | % to Net Sales |\n| Net sales (1) | $201,977 |  | $182,228 |  |\n| Segment operating income (loss) (1) | 3,622 | 1.8% | (9,028) | (5.0)% |",
      "csv_string_response": "12",
      "json_rows_response": "1"
    },
    {
      "id": "a703b7c0fb243ce725337407faac5266",
      "question": "What was the change in the percentage to net sales for segment operating income (loss) between 2017 and 2018?",
      "gold_answer": 6.8,
      "markdown_table_response": "|  |",
      "csv_string_response": "1. 2017: $182,228\n2. 2018: $201,977\n3. 2018-1: $201,977\n4. 2018-2: $201,977\n5. 2018-3: $201,977\n6. 2018-4: $201,977\n7. 2018-5: $201,977\n8. 2018-6: $201,977\n9. 2018-7: $201,977\n10. 2018-8: $201,977\n11. 2018-9: $201,977\n12. 2018-10: $201,977\n13. 2018-11: $201,977\n14. 2018-12: $201,977\n15. 2018-13: $201,977\n16. 2018-14: $201,977\n17. 2018-15: $201,977\n18. 2018-16: $201,977\n19. 2018-17: $201,977\n20. 2018-18: $201,977\n21. 2018-19: $201,977\n22. 2018-20: $201,",
      "json_rows_response": "1. Fiscal year ended March 31, 2018"
    }
  ],
  "total_prompts": 300,
  "total_responses": 900,
  "processing_time": 21.84937286376953,
  "inference_engine": "vLLM"
}