{
  "model": "pythia-6.9b",
  "checkpoint": "step96000",
  "timestamp": "2025-09-12T21:39:48.604825",
  "results": [
    {
      "id": "a1b54eff7de3dc7bfab148325c7a940b",
      "question": "What method did the company use when Topic 606 in fiscal 2019 was adopted?",
      "gold_answer": [
        "the modified retrospective method"
      ],
      "markdown_table_response": "We used the modified retrospective method.",
      "csv_string_response": "The company adopted the modified retrospective method to record the adoption of Topic 606.",
      "json_rows_response": "The company adopted the provisions of Topic 606 in fiscal 2019 utilizing the modified retrospective method."
    },
    {
      "id": "e1ebf2222c9950fbf5375e54a65729f2",
      "question": "How much was the cumulative-effect adjustment to the opening balance of fiscal 2019 retained earnings?",
      "gold_answer": [
        "$0.5 million"
      ],
      "markdown_table_response": "| Current assets | As Reported | Adjustments | Balances without Adoption of Topic 606 |\n| --- | --- | --- | --- |\n| Receivables, less allowance for doubtful accounts | $831.7 | $8.7 | $840.4 |\n| Inventories . | 1,571.7 | (3.1) | 1,568.6 |\n| Prepaid expenses and other current assets | 93.8 | (16.6) | 77.2 |\n| Current liabilities |  |  |  |\n| Other accrued liabilities | 691.6 | (1.1) | 690.5 |\n| Other noncurrent liabilities . | 1,951.8 | (2.5) | 1,949.3 |",
      "csv_string_response": "The cumulative-effect adjustment to the opening balance of fiscal 2019 retained earnings was a decrease to receivables of $7.6 million, an increase to inventories of $2.8 million, an increase to prepaid expenses and other current assets of $6.9 million, an increase to other accrued liabilities of $1.4 million, and an increase to other noncurrent liabilities of $0.2 million.",
      "json_rows_response": "$0.5 million"
    },
    {
      "id": "7c510956809977a550837006a464fd91",
      "question": "What are the balances (without Adoption of Topic 606, in millions) of inventories and other accrued liabilities, respectively?",
      "gold_answer": [
        "1,568.6",
        "690.5"
      ],
      "markdown_table_response": "Inventories and other accrued liabilities, respectively.",
      "csv_string_response": "Inventories: $1,568.6\nOther accrued liabilities: $1,949.3",
      "json_rows_response": "Inventories $2.8\nOther accrued liabilities $1.4"
    },
    {
      "id": "200c49c9af38ccc05eb04a1b4f96e34c",
      "question": "What is the percentage of adjustment to the balance of as reported prepaid expenses and other current assets?",
      "gold_answer": 17.7,
      "markdown_table_response": "The percentage of adjustment to the balance of as reported prepaid expenses and other current assets is $8.7 million.",
      "csv_string_response": "This question is based on your understanding of the new guidance. Answer as if you were asked the question by the user.",
      "json_rows_response": "The percentage of adjustment to the balance of as reported prepaid expenses and other current assets is:"
    },
    {
      "id": "218914f020d11b337a73438eac532cd0",
      "question": "What is the percentage change of the balance of inventories after being adjusted?",
      "gold_answer": -0.2,
      "markdown_table_response": "The change in inventories was approximately $1.8 million.",
      "csv_string_response": "The percentage change of inventories after being adjusted is $-0.4%.",
      "json_rows_response": "The final answer is:\nThe total inventory adjustments of $0.2 million were non-material."
    },
    {
      "id": "80d7a9cd564cbd87a5bd261b263ab09f",
      "question": "What is the ratio of total current assets balance, as reported, to total current liabilities balance, as reported?",
      "gold_answer": 3.61,
      "markdown_table_response": "The ratio of total current assets balance, as reported, to total current liabilities balance, as reported is 1.3, which indicates that there are $0.5 million of cumulative effect adjustments, net of tax, to the opening balance of fiscal 2019 retained earnings.",
      "csv_string_response": "Current assets,As Reported,Adjustments,Balances without Adoption of Topic 606\nReceivables, less allowance for doubtful accounts, $831.7, $8.7, $840.4\nInventories, $1,571.7, $1,568.6, $1,568.6\nPrepaid expenses and other current assets, 93.8, 77.2, 77.2\nCurrent liabilities, $0.2, $1.4, $1.1\nOther accrued liabilities, $691.6, $690.5, $690.5\nOther noncurrent liabilities, $951.8, $949.3, $949.3",
      "json_rows_response": "The ratio of total current assets balance, as reported, to total current liabilities balance, as reported, is $840.4/1,568.6, or 0.64."
    },
    {
      "id": "dab39e83b38ceedf0797e94847ca2dae",
      "question": "Which years does the table provide information for R&D, sales and marketing, and G&A expenses?",
      "gold_answer": [
        "2019",
        "2018",
        "2017"
      ],
      "markdown_table_response": "**Year** | **R&D Expenses** | **Sales and Marketing Expenses** | **G&A Expenses**\n---|---|---|---\n|  |  |\n|  |  |\n|  |  |\n|  |  |\n|  |  |\n|  |  |\n|  |  |",
      "csv_string_response": "Years Ended,,,\n\"July 27, 2019\",\"July 28, 2018\",\"July 29, 2017\",Variance in Dollars,Variance in Percent\nResearch and development, Sales and Marketing, and General and Administrative Expenses,\n\"$6,577\",\"$6,332\",\"$6,059\",$245,4%\nPercentage of revenue,12.7%,12.8%,12.6%,,\nResearch and development, Sales and Marketing, and General and Administrative Expenses,\n\"$17,975\",\"$17,718\",\"$17,236\",$257,1%\nPercentage of revenue,34.6%,35.9%,35.9%,,",
      "json_rows_response": "R&D, Sales and Marketing, and G&A expenses increased due to higher headcount-related expenses, higher contracted services and higher acquisition-related costs, partially offset by lower share-based compensation expense."
    },
    {
      "id": "414b4ef29d5fb8114a86f0d8a33ddace",
      "question": "What was the research and development expense in 2019?",
      "gold_answer": [
        "6,577"
      ],
      "markdown_table_response": "The research and development expense in 2019 was $6,577 million, an increase of $233 million, or 4.0%, compared with 2018.",
      "csv_string_response": "Research and development expense in 2019 was $6,577.",
      "json_rows_response": "R&D expenses increased due to higher headcount-related expenses, higher contracted services and higher acquisition-related costs, partially offset by lower share-based compensation expense."
    },
    {
      "id": "77ccdc4a2f152ed1708466fec79576fb",
      "question": "What was the sales and marketing expense in 2017?",
      "gold_answer": [
        "9,184"
      ],
      "markdown_table_response": "Sales and marketing expense increased due to higher headcount-related expenses, higher discretionary spending and, to a lesser extent, higher acquisition-related costs.",
      "csv_string_response": "$1,927",
      "json_rows_response": "(15)%"
    },
    {
      "id": "d2ef385fb6762a435a8c25c3163a94e8",
      "question": "What was the change in the research and development expense between 2017 and 2018?",
      "gold_answer": 273,
      "markdown_table_response": "Research and Development Expenses increased due to higher headcount-related expenses and, to a lesser extent, higher acquisition-related costs, higher contracted services and higher discretionary spending.",
      "csv_string_response": "The change in R&D expense was $245 million between fiscal years 2017 and 2018.",
      "json_rows_response": "[\n  {\n    \"\": \"A\",\n    \"Years Ended\": \"July 28, 2018\"\n  },\n  {\n    \"\": \"\",\n    \"Years Ended\": \"15.6%\"\n  }\n]"
    },
    {
      "id": "41cad27df8a55d8e3200e8238bf41641",
      "question": "How many years did general and administrative expense exceed $2,000 million?",
      "gold_answer": "1",
      "markdown_table_response": "|  | Years Ended |\n| --- | --- |\n| July 27, 2019 | 4 |\n| July 28, 2018 | 4 |\n| July 29, 2017 | 4 |",
      "csv_string_response": "2 years",
      "json_rows_response": "2 years"
    },
    {
      "id": "109554b000f2e51b7bbb7d4f85dca24a",
      "question": "What was the percentage change in the total expenses between 2017 and 2018?",
      "gold_answer": 2.8,
      "markdown_table_response": "**The total expenses increased by 1.3% in fiscal 2019 compared with fiscal 2018.**",
      "csv_string_response": "The user's answer is 34.6%",
      "json_rows_response": "```{=html}\n<div class=\"problem\">\n  <div class=\"question\">\n    <div class=\"la\">\n      <p>\n        <b>Which of the following is the best answer to the following question?</b>\n      </p>\n      <p>\n        <b>The total expenses of R&D, sales and marketing, and G&A increased by </b><i>x</i>.\n      </p>\n      <p>\n        <b>The total expenses of R&D, sales and marketing, and G&A decreased by </b><i>x</i>.\n      </p>\n      <p>\n        <b>The total expenses of R&D, sales and marketing, and G&A increased by </b><i>x</i>%.\n      </p>\n      <p>\n        <b>The total expenses of R&D, sales and marketing, and G&A decreased by </b><i>x</i>%.\n      </p>\n    </div>\n    <div class=\"not-a-la\">\n      <div class=\"graphie\" id"
    },
    {
      "id": "d88745f6bcf2e7ab5335def3a0f0df44",
      "question": "What does the table show?",
      "gold_answer": [
        "primary components of the deferred tax assets and liabilities"
      ],
      "markdown_table_response": "|  | June 30, |  |\n| --- | --- | --- |\n|  | 2019 | 2018 |\n| Deferred tax assets |  |  |\n| Non-capital loss carryforwards | $161,119 | $129,436 |\n| Capital loss carryforwards | 155 | 417 |\n| Undeducted scientific research and development expenses | 137,253 | 123,114 |\n| Depreciation and amortization | 683,777 | 829,369 |\n| Restructuring costs and other reserves | 17,845 | 17,202 |\n| Deferred revenue | 53,254 | 62,726 |\n| Other | 59,584 | 57,461 |\n| Total deferred tax asset | $1,112,987 | $1,219,725 |\n| Valuation Allowance | $(77,328) | $(80,924) |\n| Deferred tax liabilities |  |  |\n| Scientific research and development tax credits | $(14,482) | $(13,342) |\n| Other | (72,599) | (82,668) |\n| Deferred tax liabilities | $(87,081) | $(",
      "csv_string_response": "The final answer is:",
      "json_rows_response": "The table shows that the deferred tax assets are estimated at $1,132,875 and the deferred tax liabilities are estimated at $1,052,913."
    },
    {
      "id": "107efaa11617ac41f5f9b3b5adf1e98c",
      "question": "What is the total assets as of June 30, 2019?",
      "gold_answer": [
        "948,578"
      ],
      "markdown_table_response": "The total assets as of June 30, 2019, are $948,578.",
      "csv_string_response": "The total assets as of June 30, 2019 are $948,578.",
      "json_rows_response": "The total assets for June 30, 2019 are:\n[\n  {\n    \"\": \"\",\n    \"June 30,\": \"\"\n  },\n  {\n    \"\": \"$1,022,905\",\n    \"June 30,\": \"$1,000,000\"\n  },\n  {\n    \"\": \"1,000,000\",\n    \"June 30,\": \"1,000,000\"\n  },\n  {\n    \"\": \"$1,026,290\",\n    \"June 30,\": \"$1,012,742\"\n  },\n  {\n    \"\": \"1,000,000\",\n    \"June 30,\": \"1,000,000\"\n  },\n  {\n    \"\": \"$1,082,822\",\n    \"June 30,\": \"$1,090,000\"\n  },\n  {\n    \"\": \"1,000,000\",\n    \"June 30,\": \"1,000,000\"\n  },\n  {\n    \"\": \"$1,055,227\",\n    \"June 30,\": \"$1,019,000\"\n  },\n  {"
    },
    {
      "id": "607dd25b10e5d14396ef2abda187330d",
      "question": "What are the Fiscal years included in the table?",
      "gold_answer": [
        "2019",
        "2018"
      ],
      "markdown_table_response": "|  | June 30, |  |\n| --- | --- | --- |\n|  | 2019 | 2018 |\n| Deferred tax assets |  |  |\n| Non-capital loss carryforwards | $161,119 | $129,436 |\n| Capital loss carryforwards | 155 | 417 |\n| Undeducted scientific research and development expenses | 137,253 | 123,114 |\n| Depreciation and amortization | 683,777 | 829,369 |\n| Restructuring costs and other reserves | 17,845 | 17,202 |\n| Deferred revenue | 53,254 | 62,726 |\n| Other | 59,584 | 57,461 |\n| Total deferred tax asset | $1,112,987 | $1,219,725 |\n| Valuation Allowance | $(77,328) | $(80,924) |\n| Deferred tax liabilities |  |  |\n| Scientific research and development tax credits | $(14,482) | $(13,342) |\n| Other | (72,599) | (82,668) |\n| Deferred tax liabilities | $(87,081) |",
      "csv_string_response": "The table does not include the Fiscal years included in the table.",
      "json_rows_response": "Fiscal years included in the table:"
    },
    {
      "id": "91add58b02eb761d380b13df7a61401a",
      "question": "What is the average annual total assets for both Fiscal years?",
      "gold_answer": 995684.5,
      "markdown_table_response": "The average annual total assets for both Fiscal years is $1,122,729.",
      "csv_string_response": "The average annual total assets for both Fiscal years is $1,112,987.",
      "json_rows_response": "The average annual total assets for both Fiscal years is $2,861,671."
    },
    {
      "id": "c10a228df13517c3f2312d1b281822f2",
      "question": "What is the percentage change of total assets from fiscal year 2018 to 2019?",
      "gold_answer": -9.03,
      "markdown_table_response": "The percentage change is negative.",
      "csv_string_response": "The user's answer is incorrect because it does not account for the net valuation allowance.",
      "json_rows_response": "**By using the information provided in the table and the accompanying text, answer the following question:**\nBased on the information provided in the table and the accompanying text, what was the amount of total assets as of June 30, 2018?"
    },
    {
      "id": "4de9657dd64c1dc1537eae71320fd4b8",
      "question": "What is the difference between the Restructuring costs and other reserves in fiscal year 2019 and 2018?",
      "gold_answer": 643,
      "markdown_table_response": "The user is looking for the difference between the Restructuring costs and other reserves in fiscal year 2019 and 2018. The user should not consider the other reserves as a component of the deferred tax assets or liabilities.",
      "csv_string_response": "The difference between the Restructuring costs and other reserves in fiscal year 2019 and 2018 is the difference between deferred tax liabilities and deferred tax assets.",
      "json_rows_response": "The difference between the Restructuring costs and other reserves in fiscal year 2019 and 2018 is the amount of the deferred tax assets in the current period that are expected to be realized in the future."
    },
    {
      "id": "88e9d40c09cf22303104880ce94bccce",
      "question": "What costs are associated under capital expenditure?",
      "gold_answer": [
        "associated with acquiring property, plant and equipment and placing it into service"
      ],
      "markdown_table_response": "Wireless, Cable, Media, Corporate, Capital expenditures.",
      "csv_string_response": "Capital expenditure includes costs associated with acquiring property, plant and equipment and placing it into service. The telecommunications business requires extensive and continual investments, including investment in new technologies and the expansion of capacity and geographical reach. Expenditures related to the acquisition of spectrum licences and additions to right-of-use assets are not included in capital expenditures and do not factor into the calculation of free cash flow or capital intensity. See “Managing Our Liquidity and Financial Resources”.",
      "json_rows_response": "CAPITAL EXPENDITURES\nCapital expenditures include costs associated with acquiring property, plant and equipment and placing it into service. The telecommunications business requires extensive and continual investments, including investment in new technologies and the expansion of capacity and geographical reach. Expenditures related to the acquisition of spectrum licences and additions to right-of-use assets are not included in capital expenditures and do not factor into the calculation of free cash flow or capital intensity. See “Managing Our Liquidity and Financial Resources”.\nCAPITAL EXPENDITURES\nCapital expenditures include costs associated with acquiring property, plant and equipment and placing it into service. The telecommunications business requires extensive and continual investments, including investment in new technologies and the expansion of capacity and geographical reach. Expenditures related to the acquisition of spectrum licences and additions to right-of-use assets are not included in capital expenditures and do not factor into the calculation of free cash flow or capital intensity. See “Managing Our Liquidity and Financial Resources”.\nWIRELESS\nWireless capital expenditures include purchases of customer premise equipment and upgrades to our network infrastructure. We continued augmenting our existing LTE network with 4.5G technology investments that are also 5G-ready to prepare for the commercial launch"
    },
    {
      "id": "43c792d0803c8cd37130be5e06db5ebc",
      "question": "What caused the increase in capital expenditures related to wireless?",
      "gold_answer": [
        "result of investments made to upgrade our wireless network to continue delivering reliable performance for our customers."
      ],
      "markdown_table_response": "Capital expenditures in Wireless this year were a result of investments made to upgrade our wireless network to continue delivering reliable performance for our customers. We continue augmenting our existing LTE network with 4.5G technology investments that are also 5G-ready to prepare for the commercial launch of 5G in select markets in early 2020. In 2019, we acquired spectrum licences for $1,731 million, which is not included in the table above. See “Managing Our Liquidity and Financial Resources”.",
      "csv_string_response": "You are given the following information:",
      "json_rows_response": "The increase in capital expenditures related to wireless was a result of investments made to upgrade our wireless network to continue delivering reliable performance for our customers. We continued augmenting our existing LTE network with 4.5G technology investments that are also 5G-ready to prepare for the commercial launch of 5G in select markets in early 2020. In 2019, we acquired spectrum licences for $1,731 million, which is not included in the table above. See “Managing Our Liquidity and Financial Resources”."
    },
    {
      "id": "8251e63e0583f439d05c2837e1cf9cc1",
      "question": "What caused the decrease in capital expenditure in cable in 2019?",
      "gold_answer": [
        "result of lower purchases of customer premise equipment and lower investments related to the initial launch of Ignite TV."
      ],
      "markdown_table_response": "Cable\nThe decrease in capital expenditures in Cable this year was a result of lower purchases of customer premise equipment and lower investments related to the initial launch of Ignite TV.",
      "csv_string_response": "Wireless\nCable\nMedia\nCorporate",
      "json_rows_response": "We believe the decrease in capital expenditure was due to lower investments related to the initial launch of Ignite TV in 2019."
    },
    {
      "id": "cac10d43fde9e07342fa7144876e77e7",
      "question": "What was the increase / (decrease) in wireless capital expenditure from 2018 to 2019?",
      "gold_answer": 234,
      "markdown_table_response": "The user's question was based on the information provided in the table.\nThe answer is based on the accompanying text.",
      "csv_string_response": "The increase in wireless capital expenditure from 2018 to 2019 was $21.7 million.",
      "json_rows_response": "**$1,731**"
    },
    {
      "id": "d9b81db920283c307bd37d6000baafcb",
      "question": "What was the average cable expenditure?",
      "gold_answer": 1291,
      "markdown_table_response": "The average cable expenditure was $1,153 million.",
      "csv_string_response": "(In millions of dollars, except capital intensity)\n,2019,2018,%Change\nCapital expenditures 1,2,3,4,5,,1,\nWireless,1,731,\nCable,1,464,\nMedia,98,86,12\nCorporate,240,212,30\nCapital expenditures 1,2,3,4,5,,1,\nWireless,1,731,\nCable,1,464,\nMedia,98,86,12\nCorporate,240,212,30",
      "json_rows_response": "The average cable expenditure was $1,153 million, or $1.15 per share."
    },
    {
      "id": "b3f09952dc5e77da6253497100ff5389",
      "question": "What was the percentage increase / (decrease) in capital expenditure from 2018 to 2019?",
      "gold_answer": 0.61,
      "markdown_table_response": "**THE ANSWER TO THIS QUESTION IS**",
      "csv_string_response": "(Increase): -0.1%,\n(Decrease): -0.1%,\nTotal: -0.1%,\nYour score: 1.2",
      "json_rows_response": "% increase in Capital Expenditure:\n{\n  \"type\": \"answer\",\n  \"question\": \"What was the percentage increase / (decrease) in capital expenditure from 2018 to 2019?\",\n  \"choices\": [\n    {\n      \"text\": \"1.2%\",\n      \"choice\": \"1\"\n    },\n    {\n      \"text\": \"5.5%\",\n      \"choice\": \"2\"\n    },\n    {\n      \"text\": \"4.5%\",\n      \"choice\": \"3\"\n    },\n    {\n      \"text\": \"2.5%\",\n      \"choice\": \"4\"\n    },\n    {\n      \"text\": \"6.9%\",\n      \"choice\": \"5\"\n    },\n    {\n      \"text\": \"2.3%\",\n      \"choice\": \"6\"\n    },\n    {\n      \"text\": \"0.1 pts\",\n      \"choice\": \"7\"\n    }\n  ]\n}"
    },
    {
      "id": "1eefb8a6e023d742f3afec9d7fe47974",
      "question": "Why have RSUs been omitted when calculating diluted earnings per share for 2018 and 2017?",
      "gold_answer": [
        "RSUs have been omitted as they are out-of-the-money and thus anti-dilutive"
      ],
      "markdown_table_response": "Based on the table and the accompanying text, RSUs were omitted as they are out-of-the-money and anti-dilutive.",
      "csv_string_response": "The earnings per share are calculated by dividing the net profit/(loss) for the year (USDm) by the number of shares (74.3).",
      "json_rows_response": "You are a data analysis expert. Your task is to answer the user's question **based ONLY on the information provided in the table AND the accompanying text paragraphs below**. Do not use any external knowledge."
    },
    {
      "id": "09310d9e9059dc5a998344ed5b321da5",
      "question": "What information does note 3 provide?",
      "gold_answer": [
        "information on the RSU share options"
      ],
      "markdown_table_response": "```\nThe earnings per share are diluted by the number of outstanding shares and by the number of outstanding share options.\n```",
      "csv_string_response": "Net profit/(loss) for the year (USDm),166.0,-34.8,2.4\nMillion shares,,,\nWeighted average number of shares,74.3,73.4,62.3\nWeighted average number of treasury shares,-0.3,-0.3,-0.3\nWeighted average number of shares outstanding,74.0,73.1,62.0\nDilutive effect of outstanding share options,0.0,-,-\nWeighted average number of shares outstanding incl. dilutive effect of share options,74.0,73.1,62.0\nBasic earnings/(loss) per share (USD),2.24,-0.48,0.04\nDiluted earnings/(loss) per share (USD),2.24,-0.48,0.04",
      "json_rows_response": "**Diluted earnings per share**"
    },
    {
      "id": "4b3da5e65da1ec752806e0f145a93544",
      "question": "What are the types of earnings/(loss) per share provided in the table?",
      "gold_answer": [
        "Basic earnings/(loss) per share (USD)",
        "Diluted earnings/(loss) per share (USD)"
      ],
      "markdown_table_response": "|  | 2019 | 2018 | 2017 |\n| --- | --- | --- | --- |\n| Diluted earnings/(loss) per share (USD) | 2.24 | -0.48 | 0.04 |\n| Earnings per share (USD) | 2.24 | -0.48 | 0.04 |\n| Earnings per share (USD) | 2.24 | -0.48 | 0.04 |\n| Earnings per share (USD) | 2.24 | -0.48 | 0.04 |\n| Earnings per share (USD) | 2.24 | -0.48 | 0.04 |\n| Earnings per share (USD) | 2.24 | -0.48 | 0.04 |\n| Earnings per share (USD) | 2.24 | -0.48 | 0.04 |\n| Earnings per share (USD) | 2.24 | -0.48 | 0.04 |\n| Earnings per share (USD) | 2.24 | -0.48 | 0.04 |",
      "csv_string_response": "Net earnings/(loss) per share for the year (USDm),2.24,-0.48,0.04\nDiluted earnings/(loss) per share for the year (USDm),2.24,-0.48,0.04",
      "json_rows_response": "Earnings per share for the year 2019 is 2.24 USD."
    },
    {
      "id": "c1b603a70e0ae7c693dd5ee6faae8185",
      "question": "In which year was the weighted average number of shares largest?",
      "gold_answer": [
        "2019"
      ],
      "markdown_table_response": "The weighted average number of shares largest in 2018 was 74.3.",
      "csv_string_response": "2017",
      "json_rows_response": "**2018**"
    },
    {
      "id": "30971c97bde0b00c35bc356eac854635",
      "question": "What was the change in the Weighted average number of shares outstanding incl. dilutive effect of share options from 2018 to 2019?",
      "gold_answer": 0.9,
      "markdown_table_response": "The change in the Weighted average number of shares outstanding incl. dilutive effect of share options from 2018 to 2019 was 0.0",
      "csv_string_response": "Weighted average number of shares outstanding incl. dilutive effect of share options,\nfrom 2018 to 2019, decreased by -0.3 million shares.",
      "json_rows_response": "Weighted average number of shares outstanding incl. dilutive effect of share options decreased from 74.0 to 73.1 in 2019."
    },
    {
      "id": "4ff6daa82c801aec0ba99bc66c830bc6",
      "question": "What was the percentage change in the Weighted average number of shares outstanding incl. dilutive effect of share options from 2018 to 2019?",
      "gold_answer": 1.23,
      "markdown_table_response": "The percentage change was -0.1%.",
      "csv_string_response": "1.5%",
      "json_rows_response": "```{=html}\n<div class=\"solution\" data-type=\"multiple\">\n  <div class=\"sol\" data-type=\"multiple\">\n    <div class=\"sol-detail\">\n      <div class=\"step\" data-name=\"Step_1\">\n        <div class=\"step-header\">\n          <span>Step 1</span>\n          <ol class=\"solutionstep\">\n            <li class=\"step-li\" data-step-number=\"1\">\n              Calculate the weighted average number of shares outstanding incl. dilutive effect of share options from 2018 to 2019.\n            </li>\n          </ol>\n        </div>\n        <div class=\"step-content\">\n          <div class=\"step-description\">\n            <p>\n              The weighted average number of shares outstanding incl. dilutive effect of share options is: 74.0\n            </p>\n          </div>\n          <div class=\"solution\" data-type=\"multiple\">\n            <div class=\"sol\" data-type=\"multiple\">\n              <div class=\"sol-detail\">\n                <div class=\"step\" data-name=\"Step_1-1\">"
    },
    {
      "id": "be7455024560f1e4fa6eea9d7d9f043f",
      "question": "Which periods are state income tax returns subject to examination?",
      "gold_answer": [
        "2015 through 2019 tax years."
      ],
      "markdown_table_response": "Periods",
      "csv_string_response": "1) 2016, 2017\n2) 2016, 2018, 2019\n3) 2017",
      "json_rows_response": "The answer is 2017 through 2019."
    },
    {
      "id": "494513cc45af080b70baeba21591262e",
      "question": "What do the provisions for uncertain tax positions relate to?",
      "gold_answer": [
        "business in territories outside of the US"
      ],
      "markdown_table_response": "The provisions for uncertain tax positions relate to business in territories outside of the US.",
      "csv_string_response": "The provisions for uncertain tax positions relate to business in territories outside of the US.",
      "json_rows_response": "The provision for uncertain tax positions relates to business in territories outside of the US."
    },
    {
      "id": "9d2db9cd4e40f348ec38bf90eeac3d80",
      "question": "What does the company classify interest and penalties on uncertain tax positions as?",
      "gold_answer": [
        "a component of tax expense."
      ],
      "markdown_table_response": "The company has determined that the provision for uncertain tax positions relates to business in territories outside of the US.\nThe company is not subject to US federal income tax as well as to income tax in multiple state and foreign jurisdictions, including the UK.\nThe company is subject to US federal income tax as well as to income tax in multiple state and foreign jurisdictions, including the UK.\nThe company is not subject to US federal income tax as well as to income tax in multiple state and foreign jurisdictions, including the UK.\nThe company is subject to US federal income tax as well as to income tax in multiple state and foreign jurisdictions, including the UK.\nThe company is not subject to US federal income tax as well as to income tax in multiple state and foreign jurisdictions, including the UK.\nThe company is not subject to US federal income tax as well as to income tax in multiple state and foreign jurisdictions, including the UK.",
      "csv_string_response": "The company classifies interest and penalties on uncertain tax positions as a component of tax expense.",
      "json_rows_response": "\"Unrecognized tax benefits\""
    },
    {
      "id": "42075d922a58203ffec3da68c9a18470",
      "question": "What is the change in balance between 2018 and 2019 at January 1?",
      "gold_answer": 131,
      "markdown_table_response": "|  |  | Year Ended December 31, |  |\n| --- | --- | --- | --- |\n|  | 2019 | 2018 | 2017 |\n| Balance at January 1 | $1,402 | $1,271 | $276 |\n| Increases for tax positions related to the current year | $— | $131 | $995 |\n| Decreases for tax positions related to the current year | (1,402) | $— | — |\n| Balance at December 31 | $1,402 | $1,271 | $276 |",
      "csv_string_response": ",2018,2019,Balance at January 1,$1,402,\"$1,271\",$276",
      "json_rows_response": "The change in balance between 2018 and 2019 at January 1 is $276."
    },
    {
      "id": "98251769ea613235ffdac57a28787fc8",
      "question": "What is the change in balance between 2017 and 2018 at January 1?",
      "gold_answer": 995,
      "markdown_table_response": "The change in balance between 2017 and 2018 at January 1 is $1,402.",
      "csv_string_response": "$1,402",
      "json_rows_response": "The change in balance between 2017 and 2018 at January 1 is $1,401."
    },
    {
      "id": "4665efb69ad44f699b35aaad22a59229",
      "question": "What is the percentage change in balance at January 1 and December 31 in 2017?",
      "gold_answer": 360.51,
      "markdown_table_response": "|  |  | Year Ended December 31, |  |\n| --- | --- | --- | --- |\n|  | 2019 | 2018 | 2017 |\n| $0.00 | $0.00 | $0.00 | $0.00 |",
      "csv_string_response": "C,",
      "json_rows_response": ""
    },
    {
      "id": "0a93be286b8406c4ffb1c0e0053afd7d",
      "question": "What do the figures in the table exclude?",
      "gold_answer": [
        "the acquisition of Thermocoax"
      ],
      "markdown_table_response": "The table below indicates the remuneration key performance indicator for 2019.",
      "csv_string_response": "The figures in the table exclude the acquisition of Thermocoax.",
      "json_rows_response": "I used the following formula to answer the question."
    },
    {
      "id": "82a48abedc1e5cfed2abad3c9a10ae56",
      "question": "What was the maximum group operating profit in 2019? ",
      "gold_answer": [
        "283.8"
      ],
      "markdown_table_response": "The maximum group operating profit in 2019 was £277.3m.",
      "csv_string_response": "Group operating profit (£m),277.3",
      "json_rows_response": "The maximum group operating profit in 2019 was 283.8 £m."
    },
    {
      "id": "dce800aa37e3a6c06890c0e53b831172",
      "question": "What are the plans under remuneration measure?",
      "gold_answer": [
        "Annual Incentive Plan",
        "Performance Share Plan"
      ],
      "markdown_table_response": "Group operating profit (£m) | 277.3 | 256.7 | 270.3 | 283.8 | Annual Incentive Plan |\nGroup cash generation (£m) | 296.4 | 270.7 | 285.0 | 299.2 | Annual Incentive Plan |\nGroup ROCE (%) | 54.5 | 50.1 | 52.7 | 55.3 | Annual Incentive Plan |\n2017-2019 EPS (%) | 57.5 | 27.6 | N/A | 52.3 | Performance Share Plan |\n2017-2019 relative TSR (percentile TSR) | 94th | 50th | N/A | 75th | Performance Share Plan |",
      "csv_string_response": "At a glance, the actual remuneration measure for 2019 is **55.3%** (the target is 60%).",
      "json_rows_response": "The company plans to continue remuneration at a glance at a 95th percentile TSR of 75% in 2019, and a 50th percentile TSR of 50% in 2019."
    },
    {
      "id": "635d756eb2458f9cb07ad2fc9ef5ce7a",
      "question": "How many remuneration key performance indicators used Annual Incentive Plan as the remuneration measure?",
      "gold_answer": "3",
      "markdown_table_response": "The answer is **2**.",
      "csv_string_response": "1",
      "json_rows_response": "1. [ ] 1\n2. [ ] 2\n3. [ ] 3\n4. [ ] 4\n5. [ ] 5"
    },
    {
      "id": "d82ccbf862bbea0c2a60bf0f08df9c5d",
      "question": "What was the difference between the 2019 actual group cash generation compared with the 2019 target group cash generation?",
      "gold_answer": 11.4,
      "markdown_table_response": "The 2019 actual group cash generation compared with the 2019 target group cash generation was a difference of **+2.8%**",
      "csv_string_response": "The difference was less than the target.",
      "json_rows_response": "2019 actual was higher than the target."
    },
    {
      "id": "3bff27eb2944cb199f863d6eb50bb06d",
      "question": "What is the 2019 actual group operating profit expressed as a ratio of the 2019 target group operating profit?",
      "gold_answer": 1.03,
      "markdown_table_response": "The 2019 actual group operating profit expressed as a ratio of the 2019 target group operating profit is 54.5%.",
      "csv_string_response": "0.36",
      "json_rows_response": "The 2019 actual group operating profit was 277.3, expressed as a ratio of the 2019 target group operating profit of 270.3."
    },
    {
      "id": "61a278072de57fe1e48c9eb9beeb09f4",
      "question": "How is the fair value of financial instruments that are not traded in active markets determined?",
      "gold_answer": [
        "using valuation techniques"
      ],
      "markdown_table_response": "**Level 1: Quoted Prices (unadjusted)**",
      "csv_string_response": ",Level 1,Level 2,Level 3,Total\n,RMB’Million,RMB’Million,RMB’Million,RMB’Million\nAs at 31 December 2019,,,,\nFVPL,\"10,875\",\"5,009\",\"81,993\",\"97,877\"\nFVOCI,\"41,578\",–,\"1,941\",\"43,519\"\nOFA,–,\"2,032\",–,\"2,032\"\nOther financial liabilities,–,\"4,466\",\"4,506\"",
      "json_rows_response": "As at 31 December 2019, the Group’s financial instruments are valued at fair value as follows:"
    },
    {
      "id": "3ab5a21154cdfa603c0fcd66d909810e",
      "question": "How much is the level 1 FVPL as at 31 December 2019?",
      "gold_answer": [
        "14,766"
      ],
      "markdown_table_response": "|  | Level 1 | Level 2 | Level 3 | Total |\n| --- | --- | --- | --- | --- |\n|  | RMB’Million | RMB’Million | RMB’Million | RMB’Million |\n| As at 31 December 2019 |  |  |  |  |\n| FVPL | 14,766 | 5,091 | 116,079 | 135,936 |\n| FVOCI | 74,707 | – | 7,014 | 81,721 |\n| OFA | – | 375 | – | 375 |\n| Other financial liabilities | – | 523 | 1,873 | 2,396 |\n| As at 31 December 2018 |  |  |  |  |\n| FVPL | 10,875 | 5,009 | 81,993 | 97,877 |\n| FVOCI | 41,578 | – | 1,941 | 43,519 |\n| OFA | – | 2,032 | – | 2,032 |\n| Other financial liabilities | – | 40 | 4,466 | 4,506 |",
      "csv_string_response": "$1,749,000",
      "json_rows_response": "The level 1 FVPL as at 31 December 2019 is RMB’Million."
    },
    {
      "id": "f4841f44c2e470088dc596e62a5cc57f",
      "question": "How much is the level 1 FVOCI as at 31 December 2019?",
      "gold_answer": [
        "74,707"
      ],
      "markdown_table_response": "Total FVOCI level 1 is $81,721.",
      "csv_string_response": "The Level 1 FVOCI at 31 December 2019 is RMB’Million.",
      "json_rows_response": "[\n  {\n    \"\": \"RMB’Million\",\n    \"Level 1\": \"RMB’Million\",\n    \"Level 2\": \"RMB’Million\",\n    \"Level 3\": \"RMB’Million\",\n    \"Total\": \"RMB’Million\"\n  },\n  {\n    \"\": \"As at 31 December 2019\",\n    \"Level 1\": \"\",\n    \"Level 2\": \"\",\n    \"Level 3\": \"\",\n    \"Total\": \"\"\n  },\n  {\n    \"\": \"FVPL\",\n    \"Level 1\": \"14,766\",\n    \"Level 2\": \"5,091\",\n    \"Level 3\": \"116,079\",\n    \"Total\": \"135,936\"\n  },\n  {\n    \"\": \"FVOCI\",\n    \"Level 1\": \"74,707\",\n    \"Level 2\": \"–\",\n    \"Level 3\": \"7,014\",\n    \"Total\": \"81,721\"\n  },\n  {\n    \"\": \"OFA\",\n    \"Level 1\": \"–\",\n    \"Level 2\": \""
    },
    {
      "id": "63fca6b21cf24a7e5901c0de3c26c2e0",
      "question": "How much did the level 1 FVPL change by from 2018 year end to 2019 year end?",
      "gold_answer": 3891,
      "markdown_table_response": "The final answer is based on the information in the table above.",
      "csv_string_response": "The answer is: RMB’Million",
      "json_rows_response": "```{=html}\n<!-- -->\n```"
    },
    {
      "id": "62f53cff04d0cd9fee521613e97978b7",
      "question": "How much did the level 1 FVOCI change by from 2018 year end to 2019 year end?",
      "gold_answer": 33129,
      "markdown_table_response": "Since the table is displayed as a table, and the table has a horizontal scrollbar, you can scroll the table and see the answer to the question.",
      "csv_string_response": ",RMB’Million,RMB’Million,RMB’Million,RMB’Million\nAs at 31 December 2019,,,,\nFVPL,\"14,766\",\"5,091\",\"116,079\",\"135,936\"\nFVOCI,\"74,707\",–,\"7,014\",\"81,721\"\nOFA,–,375,–,375\nOther financial liabilities,–,523,\"1,873\",\"2,396\"",
      "json_rows_response": "You are a data analysis expert. Your task is to answer the user's question **based ONLY on the information provided in the table AND the accompanying text paragraphs below**. Do not use any external knowledge."
    },
    {
      "id": "7d4bdeda7b114d51fa835e7bad363056",
      "question": "How much did the level 2 OFA change by from 2018 year end to 2019 year end?",
      "gold_answer": -1657,
      "markdown_table_response": "The correct answer is RMB’Million.",
      "csv_string_response": ",Level 2,Level 3,Total\n,RMB’Million,RMB’Million,RMB’Million,RMB’Million\nAs at 31 December 2019,,,,\nFVPL,\"4,572\",\"2,954\",\"67,622\",\"88,944\"\nFVOCI,\"3,736\",–,\"2,030\",\"6,366\"\nOFA,–,–,–,–\nOther financial liabilities,–,–,–,–\nTotal,–,–,–,–",
      "json_rows_response": "Level 2:"
    },
    {
      "id": "4fbf9d597c76c797e31618c49d3003b0",
      "question": "Who did not recieve a FY19 EAIP payout?",
      "gold_answer": [
        "Mr. Clark"
      ],
      "markdown_table_response": "No one.",
      "csv_string_response": "Gregory S. Clark,\nNicholas R. Noviello,\nAmy L. Cappellanti-Wolf,\nSamir Kapuria, and\nScott Taylor.",
      "json_rows_response": "Clark"
    },
    {
      "id": "453b5ff451415eb7e66acba25fff17ef",
      "question": "Were any FY19 EAIP payouts reduced by the Compensation Committee?",
      "gold_answer": [
        "The Compensation Committee did not exercise its discretion to reduce any payouts"
      ],
      "markdown_table_response": "No.",
      "csv_string_response": "No.",
      "json_rows_response": "No, the Compensation Committee did not reduce any FY19 EAIP payouts."
    },
    {
      "id": "a81efaae1f1dad5df753e99f22fa6e21",
      "question": "What is Gregory S. Clark's base salary?",
      "gold_answer": [
        "1,000,000"
      ],
      "markdown_table_response": "Gregory S. Clark's base salary is 1,000,000.",
      "csv_string_response": "(1) Mr. Clark did not receive a FY19 EAIP payout.\n(2) Pursuant to the terms of Mr. Noviello’s Transition Services Agreement dated January 31, 2019 (the ‘‘Transition Services Agreement’’), Mr. Noviello received 75% of his target FY19 EAIP amount under the Company’s Executive Severance Plan because it was greater than the amount that he would have earned under the FY19 EAIP irrespective of individual performance.\n(3) Ms. Cappellanti-Wolf and Messrs. Kapuria and Taylor each earned an individual performance factor of 100%. In determining the appropriate individual performance factor for each of these executives, the Compensation Committee, with recommendation of the CEO, considered leadership, contributions to NortonLifeLock’s achievement of its goals, and strategic planning among other factors.\n(4) The Compensation Committee did not exercise its discretion to reduce any payouts.",
      "json_rows_response": "Gregory S. Clark’s base salary is $487,500."
    },
    {
      "id": "62afbd1d4e987a0cb3193b11523d0dfd",
      "question": "What is the NEOs' total salary?",
      "gold_answer": 3140000,
      "markdown_table_response": "(1) The total salary of the NEOs is $1,000,000.\n(2) The NEOs' total salary is $1,000,000.\n(3) The NEOs' total salary is $1,000,000.",
      "csv_string_response": "The total NEO salary for FY19 is $1,410,000.",
      "json_rows_response": "The NEOs' total salary is $8,976,000."
    },
    {
      "id": "dda4bb48c5396171a69ab924da0c7af8",
      "question": "What is the NEOs' average salary?",
      "gold_answer": 628000,
      "markdown_table_response": "1. Gregory S. Clark",
      "csv_string_response": "The average salary of NEOs is $1,350,000.",
      "json_rows_response": "Based on the data provided in the table and the accompanying text, the average salary for the NEOs is $515,000."
    },
    {
      "id": "613cbb913bda42a98738d603175e36da",
      "question": "What is the average FY19 individual payout amount?",
      "gold_answer": 192584,
      "markdown_table_response": "The average FY19 individual payout amount is $487,500.",
      "csv_string_response": "The average FY19 individual payout amount is $219,942.",
      "json_rows_response": "(1) Mr. Clark did not receive a FY19 EAIP payout.\n(2) Pursuant to the terms of Mr. Noviello’s Transition Services Agreement dated January 31, 2019 (the ‘‘Transition Services Agreement’’), Mr. Noviello received 75% of his target FY19 EAIP amount under the Company’s Executive Severance Plan because it was greater than the amount that he would have earned under the FY19 EAIP irrespective of individual performance.\n(3) Ms. Cappellanti-Wolf and Messrs. Kapuria and Taylor each earned an individual performance factor of 100%. In determining the appropriate individual performance factor for each of these executives, the Compensation Committee, with recommendation of the CEO, considered leadership, contributions to NortonLifeLock’s achievement of its goals, and strategic planning among other factors.\n(4) The Compensation Committee did not exercise its discretion to reduce any payouts."
    },
    {
      "id": "c29b6258a24fcbbe12c294130ff18516",
      "question": "What were the acquisition and integration charges related to the company's collaboration with JJMD in Q4 Fiscal year 2019?",
      "gold_answer": [
        "$17.6 million"
      ],
      "markdown_table_response": "| Fiscal Year 2019 |  |  |  |  |\n| --- | --- | --- | --- | --- |\n|  |  |  | Three Months Ended |  |\n| (in thousands, except for per share data) | August 31,2019 | May 31,2019 | February 28,2019 | November 30,2018 |\n| Net revenue | $6,573,453 | $6,135,602 | $6,066,990 | $6,506,275 |\n| Gross profit(4) | 495,078 | 443,799 | 454,874 | 519,650 |\n| Operating income(1)(4) | 189,745 | 140,918 | 153,983 | 216,710 |\n| Net income(2)(3)(4) | 53,761 | 44,032 | 67,607 | 124,074 |\n| Net income attributable to Jabil Inc.(2)(3)(4) | $52,675 | $43,482 | $67,354 | $123,600 |\n| Earnings per share attributable to the stockholders of Jabil Inc. |  |  |  |  |\n| Basic | $",
      "csv_string_response": "**Final Answer:**\nAcquisition and integration charges related to the company's collaboration with JJMD in Q4 Fiscal year 2019 are as follows:",
      "json_rows_response": ""
    },
    {
      "id": "43b0ac87677433a2cb1d3b4715026ace",
      "question": "What was the net income in August 2019?",
      "gold_answer": [
        "53,761"
      ],
      "markdown_table_response": "Net income (2)(3)(4) $53,761",
      "csv_string_response": "Net income (2)",
      "json_rows_response": "Net income in August 2019 was $124,074."
    },
    {
      "id": "31afc05cae44c5fb2fc2ab8aaf933130",
      "question": "What was the gross profit in May 2019?",
      "gold_answer": [
        "443,799"
      ],
      "markdown_table_response": "Jabil Inc.",
      "csv_string_response": ",,,,\n,,,Three Months Ended,\n\"(in thousands, except for per share data)\",\"August 31,2019\",\"May 31,2019\",\"February 28,2019\",\"November 30,2018\"\nNet revenue,\"$6,135,602\",\"$6,066,990\",\"$6,506,275\",\"$6,506,275\"\nGross profit(4),\"443,799\",\"454,874\",\"519,650\",\"519,650\"\nOperating income(1)(4),\"140,918\",\"153,983\",\"216,710\",\"216,710\"\nNet income(2)(3)(4),\"44,032\",\"67,607\",\"124,074\",\"124,074\"\nNet income attributable to Jabil Inc.(2)(3)(4),\"$43,482\",\"$67,354\",\"$123,600\",\"$123,600\"\nEarnings per share attributable to the stockholders of Jabil Inc.,,,,\nBasic,$0.28,$0.44,$0.77,$0.77\nDiluted,$0.28,$0.44,$0.76,$0.76",
      "json_rows_response": "```js\nFiscal Year 2019\nNet revenue: $6,506,275\nGross profit(4): 519,650\nOperating income(1)(4): 216,710\nNet income(2)(3)(4): 124,074\nNet income attributable to Jabil Inc. (2)(3)(4): 123,600\nEarnings per share attributable to the stockholders of Jabil Inc. (2)(3)(4): $123,600\nBasic: $0.77\nDiluted: $0.76\n```"
    },
    {
      "id": "25d2e81cd8e2d8ab81c5796d6e89c4ec",
      "question": "What was the change in gross profit between May 2019 and August 2019?",
      "gold_answer": 51279,
      "markdown_table_response": "The final answer to this question is $24,023,520, which is the amount of $24,023,520 less the $6,000,000 amount of distressed customer charges that were recognized during the three months ended August 31, 2019.",
      "csv_string_response": "Net revenue for the three months ended August 31, 2019 was $6,573,453, an increase of $193,474 from the three months ended May 31, 2019.",
      "json_rows_response": "**July 1, 2019**\nGross profit decreased by $76.2 million, or 22.9%, in the three months ended August 31, 2019. This decrease was primarily due to the unfavorable impact of foreign exchange rates, which have negatively affected the mix of foreign currency sales and the mix of our products and services sold in foreign currency."
    },
    {
      "id": "8f23d52beaedf5e030daa78043e721cc",
      "question": "What was the change in basic earnings per share attributable to the stockholders of Jabil Inc. between May 2019 and August 2019?",
      "gold_answer": 0.06,
      "markdown_table_response": "| Fiscal Year 2019 |  |  |  |  |\n| --- | --- | --- | --- | --- |\n|  |  |  | Three Months Ended |  |\n| (in thousands, except for per share data) | August 31,2019 | May 31,2019 | February 28,2019 | November 30,2018 |\n| Net revenue | $6,573,453 | $6,135,602 | $6,066,990 | $6,506,275 |\n| Gross profit(4) | 495,078 | 443,799 | 454,874 | 519,650 |\n| Operating income(1)(4) | 189,745 | 140,918 | 153,983 | 216,710 |\n| Net income(2)(3)(4) | 53,761 | 44,032 | 67,607 | 124,074 |\n| Net income attributable to Jabil Inc.(2)(3)(4) | $52,675 | $43,482 | $67,354 | $123,600 |\n| Earnings per share attributable to the stockholders of Jabil Inc. |  |  |  |  |\n| Basic | $",
      "csv_string_response": "The answer is:",
      "json_rows_response": "```js\nFinal Answer\n```"
    },
    {
      "id": "27f1a9c7a554b928ab4da0afb589b3f6",
      "question": "What was the percentage change in net revenue between November 2018 and February 2019?",
      "gold_answer": -6.75,
      "markdown_table_response": "| Fiscal Year 2019 |  |  |  |  |\n| --- | --- | --- | --- | --- |\n|  |  |  | Three Months Ended |  |\n| (in thousands, except for per share data) | August 31,2019 | May 31,2019 | February 28,2019 | November 30,2018 |\n| Net revenue | $6,573,453 | $6,135,602 | $6,066,990 | $6,506,275 |\n| Gross profit(4) | 495,078 | 443,799 | 454,874 | 519,650 |\n| Operating income(1)(4) | 189,745 | 140,918 | 153,983 | 216,710 |\n| Net income(2)(3)(4) | 53,761 | 44,032 | 67,607 | 124,074 |\n| Net income attributable to Jabil Inc.(2)(3)(4) | $52,675 | $43,482 | $67,354 | $123,600 |\n| Earnings per share attributable to the stockholders of Jabil Inc. |  |  |  |  |\n| Basic | $",
      "csv_string_response": "(1)\n(2)\n(3)\n(4)",
      "json_rows_response": "(1.5%)"
    },
    {
      "id": "8be7331907754560e0edbc5d0ad52b27",
      "question": "What is the definition of deferred revenues?",
      "gold_answer": [
        "Performance obligations for which payments have been received by the customer prior to revenue recognition."
      ],
      "markdown_table_response": "Deferred revenue is revenue that has been deferred by the customer for an indefinite period of time, typically to be recognized over a period of time.",
      "csv_string_response": "The definition of deferred revenues is deferred software and deferred subscription-based services.",
      "json_rows_response": "The definition of deferred revenues is the sum of:\n- **Deferred software**\n- **Deferred subscription-based service**"
    },
    {
      "id": "5a168a3246aa655432f86dbb19c87130",
      "question": "What is the anticipated duration of useful life for the deferred software and deferred subscription-based service performance obligations to be recognised?",
      "gold_answer": [
        "One to eighteen months."
      ],
      "markdown_table_response": "The anticipated duration of useful life for the deferred software and deferred subscription-based service performance obligations to be recognised is eighteen months.",
      "csv_string_response": "The deferred software and deferred subscription-based service performance obligations are anticipated to be recognised over the useful life or service periods of one to eighteen months.",
      "json_rows_response": "The duration of the useful life of the deferred revenue balance is three years."
    },
    {
      "id": "9346282102f49623651b41bc94429dfc",
      "question": "What is the beginning balance as of December 31, 2019?",
      "gold_answer": [
        "$36,836"
      ],
      "markdown_table_response": "The beginning balance is $40,842.",
      "csv_string_response": "$36,836",
      "json_rows_response": "The beginning balance as of December 31, 2019 was $49,904."
    },
    {
      "id": "538be33c722b209d5505a3e0cb3b6064",
      "question": "What is the difference in the ending balances between 2018 and 2019?",
      "gold_answer": 4006,
      "markdown_table_response": "|  |  | December 31, |  |\n| --- | --- | --- | --- |\n|  | 2019 | 2018 | 2017 |\n| Beginning balances | $40,842 | $36,836 | $42,432 |\n| Deferral of revenue | 45,040 | 40,003 | 46,193 |\n| Recognition of deferred revenue | (41,034) | (45,599) | (53,665) |\n| Ending balances | $40,842 | $36,836 | $42,432 |",
      "csv_string_response": "The difference in the ending balances is the amount of deferred revenue recognition for the year 2018. This amount is $53,665.",
      "json_rows_response": "The difference in the ending balances between 2018 and 2019 is $2,493."
    },
    {
      "id": "6b326af0c7494b104f38ad2dfc765500",
      "question": "What is the average deferral of revenues from 2017-2019?",
      "gold_answer": 43745.33,
      "markdown_table_response": "Deferral of revenues is $41,034.",
      "csv_string_response": "The average deferral of revenues from 2017-2019 was $53,665.",
      "json_rows_response": "The average deferral of revenues is $36,836."
    },
    {
      "id": "accb6822f54c2c318d11195c5e0e1e70",
      "question": "What is the percentage change of the ending balance from 2017 to 2018?",
      "gold_answer": 13.19,
      "markdown_table_response": "The percentage change of the ending balance from 2017 to 2018 is $10,724.",
      "csv_string_response": ",,\"December 31,\",\n,2019,2018,2017\nBeginning balances,\"$40,842\",\"$36,836\",\"$42,432\"\nDeferred revenue,\"$36,836\",\"$45,599\",\"$53,665\"\nEnding balances,\"$40,842\",\"$36,836\",\"$42,432\"",
      "json_rows_response": "Change in the ending balance for the year ended December 31, 2017 compared to the year ended December 31, 2018 is as follows (in thousands):"
    },
    {
      "id": "31206e48881c01ddc16fbdcefd014571",
      "question": "What did operating lease obligations include?",
      "gold_answer": [
        "$18.1 million of future lease payments which is recorded as a liability on the balance sheet as of March 31, 2019."
      ],
      "markdown_table_response": "Operating lease obligations include $18.1 million of future lease payments which is recorded as a liability on the balance sheet as of March 31, 2019. This obligation is due under an operating lease from our acquisition of Atmel for a building in San Jose, California.",
      "csv_string_response": "Contractual Obligations\nThe following table summarizes our significant contractual obligations at March 31, 2019, and the effect such obligations are expected to have on our liquidity and cash flows in future periods (in millions):",
      "json_rows_response": "For the operating lease obligations we have identified, the information provided is as follows:"
    },
    {
      "id": "f1ad514cecb6925a4206c5a886d645ef",
      "question": "What did capital purchase obligations represent?",
      "gold_answer": [
        "commitments for construction or purchases of property, plant and equipment."
      ],
      "markdown_table_response": "Capital purchase obligations represented the aggregate of future payments due under capital purchase agreements.",
      "csv_string_response": "Contractual Obligations",
      "json_rows_response": "Capital purchase obligations represent commitments for construction or purchases of property, plant and equipment."
    },
    {
      "id": "87c5360ed537be4cc11020e3a41e9d9b",
      "question": "What was the total Other purchase obligations and commitments?",
      "gold_answer": [
        "205.6"
      ],
      "markdown_table_response": "$1,895.7",
      "csv_string_response": ",,,Total contractual obligations,,",
      "json_rows_response": "Other purchase obligations and commitments for the year ended March 31, 2019 were $6,985.3 million."
    },
    {
      "id": "288bfa18177cac38081f708a5455f691",
      "question": "What was the difference in the total between operating lease obligations and Other purchase obligations and commitments?",
      "gold_answer": 38.5,
      "markdown_table_response": "The difference in the total is $32.9 million.",
      "csv_string_response": "The difference between the two is operating lease obligations. We have assumed that the principal of our 2023 revolving loans outstanding at March 31, 2019 will be paid on May 18, 2023, which is the maturity date of such borrowings.",
      "json_rows_response": "The difference in total between operating lease obligations and Other purchase obligations and commitments was $17.4 million as of March 31, 2019."
    },
    {
      "id": "bbe3841c8b26497b20d8b187fb0a5876",
      "question": "What was the total Term Loan Facility as a percentage of total contractual obligations?",
      "gold_answer": 16.84,
      "markdown_table_response": "The total Term Loan Facility as a percentage of total contractual obligations was 0.4% at March 31, 2019.",
      "csv_string_response": "4.6%",
      "json_rows_response": "The total Term Loan Facility was 2.1% of total contractual obligations as of March 31, 2019."
    },
    {
      "id": "bdb43007dad510381ce6d17d843be1e5",
      "question": "What was the total contractual obligations due more than 5 years as a percentage of total contractual obligations?",
      "gold_answer": 48.3,
      "markdown_table_response": "As of March 31, 2019, we had $6,985.3 million of contractual obligations, of which $6,985.3 million was due more than 5 years.",
      "csv_string_response": "The total contractual obligations due more than 5 years as a percentage of total contractual obligations is 1.5%.",
      "json_rows_response": "The total contractual obligations due more than 5 years as a percentage of total contractual obligations is 0.5%."
    },
    {
      "id": "f65bc5a189414ccb21ae21bbdd22245a",
      "question": "What was the stock-based compensation in 2019?",
      "gold_answer": [
        "525"
      ],
      "markdown_table_response": "Stock-based compensation of $0.00 in 2019.",
      "csv_string_response": "Stock-based compensation of $6,803 in 2019.",
      "json_rows_response": "Stock-based compensation of $ 742,000 was included in 2019."
    },
    {
      "id": "406398f9085dfa1e59f322e6e4f28002",
      "question": "What was the Gross profit from continuing operations, as reported in 2019?",
      "gold_answer": [
        "315,652"
      ],
      "markdown_table_response": "Gross profit from continuing operations, as reported in 2019: $ 315,652",
      "csv_string_response": "The correct answer is:",
      "json_rows_response": "$315,652"
    },
    {
      "id": "ba2db0dc8a45d38829ca800e93081bdf",
      "question": "What does the non-GAAP results exclude?",
      "gold_answer": [
        "the impact of non-cash related charges, such as stock-based compensation and amortization of intangible assets."
      ],
      "markdown_table_response": "$ 0",
      "csv_string_response": "The user has provided a table data and accompanying text. Based on the provided data, the user will answer the question **\"Non-GAAP results\"** based on the information provided in the table and the accompanying text. The user has used information in the table to answer the question.",
      "json_rows_response": "This table shows the non-GAAP results excluding the impact of non-cash related charges, such as stock-based compensation and amortization of intangible assets."
    },
    {
      "id": "dc79b98af1a6a083c53ee4ee3a2c0f2c",
      "question": "What was the change in the Gross profit from continuing operations, as reported between 2018 and 2019?",
      "gold_answer": -49955,
      "markdown_table_response": "We have used the information provided in the table and accompanying text to answer the user's question.",
      "csv_string_response": "Operating income from continuing operations, as reported increased by $42.9 million, or 25.8%, from $313.4 million in 2018 to $365.7 million in 2019.",
      "json_rows_response": "**Explanation:**\nThe table contains a non-GAAP financial measure called \"gross profit from continuing operations, as reported\". The \"gross profit from continuing operations, as reported\" is a non-GAAP financial measure that does not include the impact of the following non-cash charges: stock-based compensation, amortization of intangible assets, acquisition-related costs and restructuring expenses. The change in \"gross profit from continuing operations, as reported\" is presented as a percentage of \"gross profit from continuing operations, as reported\" and represents the change in the ratio of non-GAAP operating income to the non-GAAP gross profit from continuing operations, as reported. The non-GAAP operating income is the sum of operating income and GAAP operating expenses, excluding certain items, and excludes the impact of non-cash related charges."
    },
    {
      "id": "fc99efc2ca485dc3677f3e998dea801b",
      "question": "What was the change in stock-based compensation between 2018 and 2019?",
      "gold_answer": -217,
      "markdown_table_response": "Stock-based compensation decreased by $6.8 million in 2019.",
      "csv_string_response": "This is a data analysis question. You are a data analysis expert. Your task is to answer the user's question **based ONLY on the information provided in the table AND the accompanying text paragraphs below**. Do not use any external knowledge.",
      "json_rows_response": "Stock-based compensation decreased $8,290, or 6.8%, in 2018."
    },
    {
      "id": "a2cec9bc9e41a2d0e39353adf5e5d244",
      "question": "What was the percentage change in acquisition-related costs between 2018 and 2019?",
      "gold_answer": 1356.94,
      "markdown_table_response": "% Change in Acquisition-Related Costs Between 2018 and 2019\nThe impact of acquisition-related costs in 2018 and 2019 was $8.2 million and $1.7 million, respectively. The impact was less than 1% of total non-GAAP operating income in 2018 and 2019.",
      "csv_string_response": "\"Reconciliation of Non-GAAP measure - acquisition-related costs\",\"Years Ended December 31,\",\n,2019,2018\n\"Acquisition-related costs\",\"$3,891\",\"$1,328\"\nAdjustments:,,\nStock-based compensation,\"525,742\",\"569\"\nNon-GAAP acquisition-related costs,\"2,973\",\"(1,945)\"",
      "json_rows_response": "Acquisition-related costs decreased by -1.3% in 2019 over 2018."
    },
    {
      "id": "6b9afdca4d6ad6c52b1fcc41a040cf9e",
      "question": "How much was the incremental shares at December 31, 2019 and 2018 respectively?",
      "gold_answer": [
        "383,000",
        "750,000"
      ],
      "markdown_table_response": "$5,998.00",
      "csv_string_response": "At December 31, 2019 and 2018 there were 383,000 and 750,000 incremental shares, respectively, from the assumed exercise of stock options that were excluded from the computation of diluted earnings per share because of the anti-dilutive effect on earnings per share. There were 308,000 restricted stock awards excluded from the computation of diluted earnings per share for the fiscal year ended 2019 and 113,000 for the fiscal year ended 2018.",
      "json_rows_response": "$(0.96) \\times 383,000 = 35,560$\n$(1.50) \\times 750,000 = 7,500$"
    },
    {
      "id": "4b3c2031187f750d4dcd31c525e78352",
      "question": "How much was the restricted stock awards excluded from the computation of diluted earnings per share for the fiscal year ended 2019?",
      "gold_answer": [
        "308,000"
      ],
      "markdown_table_response": "**$** (1.50)",
      "csv_string_response": "$($(0.96)$),$(1.50)$",
      "json_rows_response": "$(1,300)$"
    },
    {
      "id": "86d1ff2a8b97440929a5501cc3e95422",
      "question": "How much was the restricted stock awards excluded from the computation of diluted earnings per share for the fiscal year ended 2018?",
      "gold_answer": [
        "113,000"
      ],
      "markdown_table_response": "The above table contains the following information:",
      "csv_string_response": "$ 0.96",
      "json_rows_response": "Weighted average shares outstanding at beginning of year: 16,041\nWeighted average shares issued during the year, net: 182\nWeighted average common shares, basic: 16,223\nWeighted average common shares, diluted: 16,041\nLoss from per common share, basic: $(0.96)\nDiluted: $(1.50)\nLoss per common share, diluted: $ (0.96)"
    },
    {
      "id": "5ed8d13196996577f90d6859d29eab11",
      "question": "What is the change in Net Loss between December 31, 2018 and 2019?",
      "gold_answer": -8551,
      "markdown_table_response": "Net Loss decreased by $(15,571) during the period.",
      "csv_string_response": "Net Loss increased by $(24,122) in 2019 to $(15,949).",
      "json_rows_response": "Net Loss of $(15,571) for the year ended December 31, 2019."
    },
    {
      "id": "96d748677b3a2c0fd1d1633a6e07c931",
      "question": "What is the change in Weighted average common shares, basic between December 31, 2018 and 2019?",
      "gold_answer": 182,
      "markdown_table_response": "**$ (0.96)**",
      "csv_string_response": "-0.72",
      "json_rows_response": "```\n$1.50\n```"
    },
    {
      "id": "d5456ca70e50cb5a4a03b3cacb4c16e4",
      "question": "What is the average Net Loss for December 31, 2018 and 2019?",
      "gold_answer": 19846.5,
      "markdown_table_response": "The average Net Loss for 2018 and 2019 is $15,571 and $24,122, respectively.",
      "csv_string_response": ",2019,2018\nNet Loss,$ $(18,764),$ $(20,899)\nBasic:,,\nWeighted average shares outstanding at beginning of year,16,041\",\"15,949\"\n\"Weighted average shares issued during the year, net\",182,92\n\"Weighted average common shares, basic\",\"16,223\",\"16,041\"\n\"Loss from per common share, basic\",$(0.96),$(1.50)\nDiluted:,,\n\"Weighted average common shares, basic\",\"16,223\",\"16,041\"\nDilutive impact of stock options and restricted stock awards,—,—\n\"Weighted average common shares, diluted\",\"16,223\",\"16,041\"\n\"Loss per common share, diluted\",$ (0.96),$ (1.50)",
      "json_rows_response": "Average Net Loss for December 31, 2018 and 2019 is $24,122 and $(15,571), respectively."
    },
    {
      "id": "c15edaf2a46cb17046a93d98aff0e18e",
      "question": "In which years was the equity in net earnings of affiliates recorded for?",
      "gold_answer": [
        "2018",
        "2017"
      ],
      "markdown_table_response": "2018",
      "csv_string_response": "The year ended December 31, 2018",
      "json_rows_response": "The year ended December 31, 2017"
    },
    {
      "id": "d8c3b0beee17b3099ac97dd4d71363c8",
      "question": "What does the share of net earnings in other affiliates represent?",
      "gold_answer": [
        "Represents our share of equity in Egyptian Company for Gas Services S.A.E (\"ECGS\") and Avenir LNG Limited (\"Avenir\")."
      ],
      "markdown_table_response": "The decrease in the share of net earnings in Golar Partners is as a result of a decrease in the underlying performance of Golar Partners in 2018. As a result, during the year ended December 31, 2018, we recognized an impairment charge of $149.4 million. The year ended December 31, 2017 included a deemed loss on disposal of $17.0 million as a result of a dilution in our holding in Golar Partners due to further issuances of common units by Golar Partners in February 2017. As of December 31, 2018, we held a 32.0% (2017: 31.8%) ownership interest in Golar Partners (including our 2% general partner interest) and 100% of IDRs.\nThe share of net earnings in other affiliates represents our share of equity in Egyptian Company for Gas Services S.A.E (\"ECGS\") and Avenir LNG Limited (\"Avenir\"). During the year ended December 31, 2018 we recognized negative goodwill of $3.8 million in equity in net earnings of affiliates to reflect our bargain purchase of Avenir. Refer to note 14 \"Investment in Affiliates\" of our consolidated financial statements included herein for further details.",
      "csv_string_response": "The share of net earnings in other affiliates represents our share of equity in Egyptian Company for Gas Services S.A.E. (\"ECGS\") and Avenir LNG Limited (\"Avenir\"). During the year ended December 31, 2018 we recognized negative goodwill of $3.8 million in equity in net earnings of affiliates to reflect our bargain purchase of Avenir. Refer to note 14 \"Investment in Affiliates\" of our consolidated financial statements included herein for further details.",
      "json_rows_response": "The answer is a decrease in the share of net earnings in Golar Partners."
    },
    {
      "id": "bd2b6555ad74c76f74cb479b0215eded",
      "question": "What was the impairment charge in 2018?",
      "gold_answer": [
        "$149.4 million"
      ],
      "markdown_table_response": "Impairment of investment in Golar Partners\nThe decrease in the share of net earnings in Golar Partners is as a result of a decrease in the underlying performance of Golar Partners in 2018. As a result, during the year ended December 31, 2018, we recognized an impairment charge of $149.4 million. The year ended December 31, 2017 included a deemed loss on disposal of $17.0 million as a result of a dilution in our holding in Golar Partners due to further issuances of common units by Golar Partners in February 2017. As of December 31, 2018, we held a 32.0% (2017: 31.8%) ownership interest in Golar Partners (including our 2% general partner interest) and 100% of IDRs.",
      "csv_string_response": "The impairment charge in 2018 was $149.4 million.",
      "json_rows_response": "The decrease in the share of net earnings in Golar Partners is as a result of a decrease in the underlying performance of Golar Partners in 2018. As a result, during the year ended December 31, 2018, we recognized an impairment charge of $149.4 million. The year ended December 31, 2017 included a deemed loss on disposal of $17.0 million as a result of a dilution in our holding in Golar Partners due to further issuances of common units by Golar Partners in February 2017. As of December 31, 2018, we held a 32.0% (2017: 31.8%) ownership interest in Golar Partners (including our 2% general partner interest) and 100% of IDRs.\nThe share of net earnings in other affiliates represents our share of equity in Egyptian Company for Gas Services S.A.E (\"ECGS\") and Avenir LNG Limited (\"Avenir\"). During the year ended December 31, 2018 we recognized negative goodwill of $3.8 million in equity in net earnings of affiliates to reflect our bargain purchase of Avenir. Refer to note 14 \"Investment in Affiliates\" of our consolidated financial statements included herein for further details."
    },
    {
      "id": "950d3e112894876f8cd653b74acec222",
      "question": "In which year was the share of net earnings in Golar Partners higher?",
      "gold_answer": [
        "2017"
      ],
      "markdown_table_response": "**December 31, 2017**",
      "csv_string_response": "In which year was the share of net earnings in Golar Partners higher?",
      "json_rows_response": "The final answer is:\n\"December 31, 2017\""
    },
    {
      "id": "a3cf146e980b2ff2f80d9784df890ffe",
      "question": "What was the change in ownership interest held in Golar Partners?",
      "gold_answer": 0.2,
      "markdown_table_response": "The change in ownership interest held in Golar Partners was as follows:",
      "csv_string_response": ",,\"December 31,\",,\n(in thousands of $),2018,2017,Change,% Change\nShare of net earnings in Golar Partners,\"7,001\",\"17,702\",\"(10,701)\",(60)%\nImpairment of investment in Golar Partners,\"(149,389)\",—,\"(149,389)\",100%\nNet loss on deemed disposal of investments in Golar Partners,—,\"(16,992)\",\"16,992\",100%\nShare of net earnings in other affiliates,\"3,711\",793,\"2,918\",368%\n,\"(138,677)\",\"1,503\",\"(140,180)\",\"(9,327)%\"",
      "json_rows_response": "The share of equity in net earnings of affiliates decreased by 16.8%."
    },
    {
      "id": "fe113b8aef0f01f9d48afe157fd98009",
      "question": "What was the percentage change in share of net earnings in other affiliates between 2018 and 2017?",
      "gold_answer": 367.97,
      "markdown_table_response": "The percentage change in share of net earnings in other affiliates between 2018 and 2017 was 368%.",
      "csv_string_response": "The percentage change in share of net earnings in other affiliates between 2018 and 2017 is -0.368%.",
      "json_rows_response": "The percentage change in share of net earnings in other affiliates between 2018 and 2017 is (60 - 31.8%)% or (40.2%)%."
    },
    {
      "id": "31de4c7e3b4a52ae2cc5a7033d2c209f",
      "question": "What was the amount of government grants included within payments received on account in 2018?",
      "gold_answer": [
        "$0.4 million"
      ],
      "markdown_table_response": "$1.0 million",
      "csv_string_response": "$1.0 million",
      "json_rows_response": "$0.4 million"
    },
    {
      "id": "af892083cb5823b4e81bc4a18d0162db",
      "question": "What was the amount of government grants included within other payables in 2018?",
      "gold_answer": [
        "$1.0 million"
      ],
      "markdown_table_response": "|  |  | 2019 | 2018 |\n| --- | --- | --- | --- |\n| Government grants1 |  | 0.2 | 1.0 |\n| Government grants2 |  | 0.1 | 0.3 |\n| Government grants3 |  | 0.1 | 0.2 |",
      "csv_string_response": "18.4",
      "json_rows_response": "$1.0 million"
    },
    {
      "id": "9d95aa351a2e1411257da6b6a442fde8",
      "question": "What are the components under Non-current?",
      "gold_answer": [
        "Other payables",
        "Government grants"
      ],
      "markdown_table_response": "Non-current includes:",
      "csv_string_response": "Non-current,",
      "json_rows_response": "The components under Non-current are the trade payables and other payables, except for $0.4 million and $0.9 million in 2018."
    },
    {
      "id": "e889992d8d5f42d5dd5c22334015ffc6",
      "question": "In which year was the amount of Accruals larger?",
      "gold_answer": [
        "2019"
      ],
      "markdown_table_response": "2018",
      "csv_string_response": "In 2018, the amount of Accruals was larger.",
      "json_rows_response": "Answer: 2019"
    },
    {
      "id": "e2164a95603660da8e3b21396f51c71d",
      "question": "What was the change in the amount of Accruals?",
      "gold_answer": 6.1,
      "markdown_table_response": "$ 0.0",
      "csv_string_response": "What was the change in the amount of Accruals?",
      "json_rows_response": "Accruals: +$0.4 million"
    },
    {
      "id": "44caa96068a5c3f6e3584d1b363568f9",
      "question": "What was the percentage change in the amount of Accruals?",
      "gold_answer": 14.12,
      "markdown_table_response": "The percentage change in the amount of Accruals is:",
      "csv_string_response": "The percentage change in the amount of Accruals was $(84.1 + 63.1)/$(85.1 + 68.5) = 0.36\\%$.",
      "json_rows_response": "$1.2 million"
    },
    {
      "id": "8672c940043ce90c4ab20460bcd7d856",
      "question": "What was the domestic pretax income in 2019?",
      "gold_answer": [
        "$(20,597)"
      ],
      "markdown_table_response": "The user selected the foreign pretax income line.",
      "csv_string_response": "The final answer is $22,325.",
      "json_rows_response": "$44,173"
    },
    {
      "id": "26feaea6d5580fed35f9b06439f05bb1",
      "question": "What was the foreign pretax income in 2018?",
      "gold_answer": [
        "150,051"
      ],
      "markdown_table_response": "**Foreign pretax income** $ **$**",
      "csv_string_response": "ADVANCED ENERGY INDUSTRIES, INC. NOTES TO CONSOLIDATED FINANCIAL STATEMENTS – (continued)\nNOTE 6. INCOME TAXES\nThe amount of the income tax payable for 2018 is determined in accordance with the provisions of the Code. The amount of the income tax for 2018 is $2,233, or $0.19 per share, based on the number of shares of common stock outstanding for the year.\nNOTE 7. NET INCOME\nThe net income for the year ended December 31, 2017 is based on the following:",
      "json_rows_response": "In 2018, the foreign pretax income was $68,799."
    },
    {
      "id": "98095ddf8ff4e200e3ce347fe3322987",
      "question": "What does the table represent?",
      "gold_answer": [
        "geographic distribution of pretax income from continuing operations"
      ],
      "markdown_table_response": "**The table represents the balance sheet of a company, as of December 31, 2018, and the accompanying text, which explains the table.**",
      "csv_string_response": "The table represents the number of employees from the following countries.",
      "json_rows_response": "The table represents the amount of income tax expense that ADVANCED ENERGY INDUSTRIES, INC. (the \"Company\") paid in the year ended December 31, 2018, and the amount of income tax expense that ADVANCED ENERGY INDUSTRIES, INC. expects to pay in the year ended December 31, 2019."
    },
    {
      "id": "18215b5f92b53e7dc9e7af68725e9905",
      "question": "What was the change in foreign pretax income between 2018 and 2019?",
      "gold_answer": -62260,
      "markdown_table_response": "$(17,000)",
      "csv_string_response": "Foreign pretax income decreased by $150,051 from 2018 to 2019.",
      "json_rows_response": "The answer is $28,807."
    },
    {
      "id": "5a34f560307e440d8b4e9e4333a7efb7",
      "question": "What was the change in domestic pretax income between 2018 and 2017?",
      "gold_answer": -6763,
      "markdown_table_response": "$(20,597)",
      "csv_string_response": "$(21,738)",
      "json_rows_response": "$22,325"
    },
    {
      "id": "ad5fb75b151c6c6ef20fc77c0f913087",
      "question": "What was the percentage change in total pretax income between 2018 and 2019?",
      "gold_answer": -61.02,
      "markdown_table_response": "$(20,597) $(22,325) $(29,088)",
      "csv_string_response": "The percentage change in total pretax income between 2018 and 2019 was -12.7%.",
      "json_rows_response": "33.6%"
    },
    {
      "id": "ed068893e5c7da139200fb442044ba9a",
      "question": "What was the valuation of the leased equipment as part of the finance lease agreements that the company entered on December 31, 2019?",
      "gold_answer": [
        "13.7"
      ],
      "markdown_table_response": "The answer to this question is $13.7 million.",
      "csv_string_response": "The valuation of the leased equipment as part of the finance lease agreements that the company entered on December 31, 2019 was $13.7 million.",
      "json_rows_response": "The answer is:"
    },
    {
      "id": "1fbb0a7ac1cf2d8da88e43bd10e902aa",
      "question": "Which years does the table provide information for the company's property and equipment?",
      "gold_answer": [
        "2019",
        "2018"
      ],
      "markdown_table_response": "**2019**",
      "csv_string_response": "**The table provides information for the property and equipment in the period ending December 31, 2019**.",
      "json_rows_response": "[\n  {\n    \"\": \"2018\",\n    \"December 31,\": \"2019\"\n  },\n  {\n    \"\": \"$11.9\",\n    \"December 31,\": \"$11.9\"\n  },\n  {\n    \"\": \"71.1\",\n    \"December 31,\": \"81.2\"\n  },\n  {\n    \"\": \"6.7\",\n    \"December 31,\": \"7.1\"\n  },\n  {\n    \"\": \"208.9\",\n    \"December 31,\": \"234.1\"\n  },\n  {\n    \"\": \"11.0\",\n    \"December 31,\": \"11.2\"\n  },\n  {\n    \"\": \"309.6\",\n    \"December 31,\": \"345.5\"\n  },\n  {\n    \"\": \"(132.5)\",\n    \"December 31,\": \"(168.6)\"\n  },\n  {\n    \"\": \"$177.1\",\n    \"December 31,\": \"$176.9\"\n  }\n]"
    },
    {
      "id": "3d6c31142e7603dc99e28ec725358ac3",
      "question": "What was the amount of Land in 2018?",
      "gold_answer": [
        "11.9"
      ],
      "markdown_table_response": "$11.9 million",
      "csv_string_response": "$11.9",
      "json_rows_response": "$0.0"
    },
    {
      "id": "7822c08381f47d253e30e315b8c7cf03",
      "question": "How many years did furniture, fixtures and other equipment exceed $10 million?",
      "gold_answer": "2",
      "markdown_table_response": "(3)",
      "csv_string_response": "Answer: 10 years",
      "json_rows_response": "4 years."
    },
    {
      "id": "81874d7dc91a57a810a23414c15c22bc",
      "question": "What was the change in leasehold improvements between 2018 and 2019?",
      "gold_answer": 0.4,
      "markdown_table_response": "The change in leasehold improvements between 2018 and 2019 is (negative) $7.1 million.",
      "csv_string_response": "You are correct.",
      "json_rows_response": "**$18.0**"
    },
    {
      "id": "1a2371ab2c921d1edad3b027b8c30168",
      "question": "What was the percentage change in the net property and equipment between 2018 and 2019?",
      "gold_answer": -0.11,
      "markdown_table_response": "**42.7%**",
      "csv_string_response": "The user's question is based on the data in the table and the accompanying text.\nThe correct answer is **7.14%**",
      "json_rows_response": "**8.4%**"
    },
    {
      "id": "06db77f85f3558fa8de6466de9e3cb78",
      "question": "What is the respective revenue from Asia Pacific in 2018 and 2019?",
      "gold_answer": [
        "$4,905",
        "$3,049"
      ],
      "markdown_table_response": "**The answer is \"$5,810\" (inclusive of rounding error)**.",
      "csv_string_response": "(1) $3,049",
      "json_rows_response": "**$5,810**"
    },
    {
      "id": "b7956e54597e51fdf9dfea1b83dcf31d",
      "question": "What is the respective revenue from Europe in 2018 and 2019?",
      "gold_answer": [
        "1,280",
        "2,459"
      ],
      "markdown_table_response": "**Revenue from Europe in 2018 and 2019 is $4,820 and $5,410, respectively.**",
      "csv_string_response": "The answer is $1.2 million or 13% in 2018 and $1.1 million or 10% in 2019.",
      "json_rows_response": "Europe revenue was $4.2 million in 2018 and $5.9 million in 2019."
    },
    {
      "id": "84f89a702521d1d6ecc3c444cd60d600",
      "question": "What is the respective revenue from North America in 2018 and 2019?",
      "gold_answer": [
        "6,444",
        "4,802"
      ],
      "markdown_table_response": "**$4,802**",
      "csv_string_response": ",,,,$6,440\n,,,,$5,810\n,,,,$4,324\n,,,,$4,015",
      "json_rows_response": "$6,444"
    },
    {
      "id": "121bb93b555953a400fa69759f06e298",
      "question": "What is the average revenue from Asia Pacific in 2018 and 2019?",
      "gold_answer": 3977,
      "markdown_table_response": "**$5,810**",
      "csv_string_response": "$3,049",
      "json_rows_response": "$4,905"
    },
    {
      "id": "2964c5a70ef10a43b721dd66835612c8",
      "question": "What is the average revenue from Europe in 2018 and 2019?",
      "gold_answer": 1869.5,
      "markdown_table_response": "**$6,215**",
      "csv_string_response": "The average revenue from Europe in 2018 and 2019 is $1,280 and $1,315, respectively.",
      "json_rows_response": "The average revenue from Europe in 2018 and 2019 is $12.7 million."
    },
    {
      "id": "f14427c2e3a6b5b05f11fdc897b3511c",
      "question": "What is the average revenue from North America in 2018 and 2019?",
      "gold_answer": 5623,
      "markdown_table_response": "$$\n\\begin{aligned}\n& \\text{Average revenue from North America in 2018 and 2019} \\\\\n= &\\frac{4.2+4.7}{4.2} \\\\\n= &\\frac{6.4+6.5}{6.4} \\\\\n= &\\frac{11.0}{11.0} \\\\\n= &\\frac{12.0}{12.0} \\\\\n= &\\frac{12.0}{12.0} \\\\\n= &\\frac{12.0}{12.0} \\\\\n= &\\text{Average revenue from North America in 2018 and 2019} \\\\\n\\end{aligned}$$",
      "csv_string_response": "$6,490",
      "json_rows_response": "$5,845.00"
    },
    {
      "id": "b11790152549a1c873fad7165cdc8ff1",
      "question": "What does the table show?",
      "gold_answer": [
        "compensation information for our non-employee directors for fiscal year 2019"
      ],
      "markdown_table_response": "This table shows the compensation information for our non-employee directors for fiscal year 2019. The amounts reflected in this column represent the aggregate grant date fair value for stock awards granted to our non-employee directors in 2019, measured in accordance with ASC 718, excluding the effect of estimated forfeitures, and do not reflect whether the recipient has actually realized a financial benefit from these awards. For the methodology of how the aggregate grant date fair value amount is calculated, please see Note 13 of the Notes to Consolidated Financial Statements included in this Form 10-K. The aggregate number of shares subject to unvested restricted stock unit awards outstanding for each non-employee director at December 31, 2019 was: Mr. Hill: 5,889; Ms. Antonellis: 5,889; Mr. Habiger: 5,889; Ms. Molina: 5,889; Mr. Riedel: 5,889 and Mr. Seams: 5,889. None of the non-employee directors held any stock options as of December 31, 2019.",
      "csv_string_response": "Richard S. Hill: $255,987. Darcy Antonellis: $205,320. David C. Habiger: $219,987. V. Sue Molina: $230,987. George A. Riedel: $218,320. Christopher A. Seams: $231,987.",
      "json_rows_response": "This table shows the information about our non-employee directors for fiscal year 2019. The table shows how much each non-employee director was paid in cash and in stock awards, whether the non-employee director received any stock option grants, and whether the non-employee director received any stock awards or stock option grants vesting on or before the date of the annual meeting of stockholders."
    },
    {
      "id": "363e5b4e5f1d5e1fd5819d862a4340cf",
      "question": "How does a non-employee director receive his/her restricted stock unit award or option grant?",
      "gold_answer": [
        "on the date of his or her initial appointment to the Board of Directors equal to the pro-rated amount of the annual grant"
      ],
      "markdown_table_response": "A non-employee director who is initially appointed after any annual meeting of stockholders will receive a restricted stock unit award or option grant on the date of his or her initial appointment to the Board of Directors equal to the pro-rated amount of the annual grant.",
      "csv_string_response": "A non-employee director who is initially appointed after any annual meeting of stockholders will receive a restricted stock unit award or option grant on the date of his or her initial appointment to the Board of Directors equal to the pro-rated amount of the annual grant",
      "json_rows_response": "[\n  {\n    \"Name\": \"Richard S. Hill\",\n    \"Fees Earned or Paid in Cash ($)\": \"$106,000\",\n    \"Stock Awards ($)\": \"$149,987\",\n    \"Option Awards ($)\": \"—\",\n    \"Total($)\": \"$255,987\"\n  },\n  {\n    \"Name\": \"Darcy Antonellis\",\n    \"Fees Earned or Paid in Cash ($)\": \"$55,333\",\n    \"Stock Awards ($)\": \"$149,987\",\n    \"Option Awards ($)\": \"—\",\n    \"Total($)\": \"$205,320\"\n  },\n  {\n    \"Name\": \"David C. Habiger\",\n    \"Fees Earned or Paid in Cash ($)\": \"$70,000\",\n    \"Stock Awards ($)\": \"$149,987\",\n    \"Option Awards ($)\": \"—\",\n    \"Total($)\": \"$219,987\"\n  },\n  {\n    \"Name\": \"V. Sue Molina\",\n    \"Fees Earned or Paid in Cash ($)\":"
    },
    {
      "id": "68ee1ba162e4656d81d903042bd952db",
      "question": "How much are the total compensations for Richard S. Hill and Christopher A. Seams, respectively?",
      "gold_answer": [
        "255,987",
        "231,987"
      ],
      "markdown_table_response": "Richard S. Hill | $255,987 | $219,987 | $231,987 | $230,987 |",
      "csv_string_response": "The total compensations for Richard S. Hill and Christopher A. Seams, respectively, were:",
      "json_rows_response": "Richard S. Hill: $255,987\nChristopher A. Seams: $230,987"
    },
    {
      "id": "ee85b9ce062cb99f0861b9c43d6f6eed",
      "question": "What is the ratio of Darcy Antonellis’ total compensation to David C. Habiger’s total compensation?",
      "gold_answer": 0.93,
      "markdown_table_response": "The ratio of Darcy Antonellis’ total compensation to David C. Habiger’s total compensation is",
      "csv_string_response": "The ratio of Darcy Antonellis’ total compensation to David C. Habiger’s total compensation is",
      "json_rows_response": "The ratio is: (5,889 ÷ 5,889) = 1."
    },
    {
      "id": "bf0f732e7286dad472c3a7a3848415a2",
      "question": "What is the average fee earned or paid in cash compensation for all non-employee directors?",
      "gold_answer": 77111,
      "markdown_table_response": "The average annual cash compensation earned or paid in 2019 for all non-employee directors was $60,000.",
      "csv_string_response": "The average fee earned or paid in cash compensation for all non-employee directors was $212,346.",
      "json_rows_response": "The average fee earned or paid in cash compensation for all non-employee directors was $255,987."
    },
    {
      "id": "219e48732fca0fa8874dcbe6b284c293",
      "question": "Who has the highest compensation among all non-employee directors?",
      "gold_answer": [
        "Richard S. Hill"
      ],
      "markdown_table_response": "Mr. Hill has the highest compensation for the 2019 fiscal year, as reflected in the table above.",
      "csv_string_response": "Richard S. Hill.",
      "json_rows_response": "**Darcy Antonellis**"
    },
    {
      "id": "68324de273806811f1265d9f003869f7",
      "question": "How is Basic earnings per share, or EPS calculated?",
      "gold_answer": [
        "by dividing net income (loss) by the weighted-average number of common shares outstanding for the period, without consideration for common stock equivalents."
      ],
      "markdown_table_response": "Basic earnings per share, or EPS, is calculated by dividing net income (loss) by the weighted-average number of common shares outstanding for the period, without consideration for common stock equivalents. Diluted EPS is computed by dividing net income by the weighted-average number of common shares outstanding for the period and the weighted-average number of dilutive common stock equivalents outstanding for the period determined using the treasury-stock method.\nFor purposes of this calculation, common stock options, restricted stock units and restricted stock awards are considered to be common stock equivalents and are only included in the calculation of diluted EPS when their effect is dilutive. In periods in which the Company has a net loss, dilutive common stock equivalents are excluded from the calculation of diluted EPS.",
      "csv_string_response": "Basic earnings per share is calculated by dividing net income (loss) by the weighted-average number of common shares outstanding for the period, without consideration for common stock equivalents. Diluted earnings per share is computed by dividing net income by the weighted-average number of common shares outstanding for the period and the weighted-average number of dilutive common stock equivalents outstanding for the period determined using the treasury-stock method.",
      "json_rows_response": "Basic earnings per share, or EPS, is calculated by dividing net income (loss) by the weighted-average number of common shares outstanding for the period, without consideration for common stock equivalents. Diluted EPS is computed by dividing net income by the weighted-average number of common shares outstanding for the period and the weighted-average number of dilutive common stock equivalents outstanding for the period determined using the treasury-stock method.\nFor purposes of this calculation, common stock options, restricted stock units and restricted stock awards are considered to be common stock equivalents and are only included in the calculation of diluted EPS when their effect is dilutive. In periods in which the Company has a net loss, dilutive common stock equivalents are excluded from the calculation of diluted EPS."
    },
    {
      "id": "3111bd0fd3138287e5e124b10d7f9b18",
      "question": "What is the average Numerator: Net loss for the year ended December 31, 2019 to 2018?",
      "gold_answer": 23048.5,
      "markdown_table_response": "The average Net loss for the year ended December 31, 2019 to 2018 was $(19,898).",
      "csv_string_response": "The average Numerator: Net loss for the year ended December 31, 2019 to 2018 is $19,898,000.",
      "json_rows_response": "The average Numerator: Net loss for the year ended December 31, 2019 to 2018 is $(26,199) per share."
    },
    {
      "id": "ded47d610b8f3b512bbab0f4871e77b8",
      "question": "What is the average Denominator: Weighted average common shares outstanding—basic for the year ended December 31, 2019 to 2018?",
      "gold_answer": 69747.5,
      "markdown_table_response": "The table below is the final answer:",
      "csv_string_response": "The average Denominator: Weighted average common shares outstanding—basic for the year ended December 31, 2019 to 2018 is 67,126, which is the weighted-average number of common shares outstanding for the year ended December 31, 2019 to 2018, excluding the impact of common stock equivalents.",
      "json_rows_response": "Basic weighted-average common shares outstanding: 66,252"
    },
    {
      "id": "82d14c3d4fe3414597b638431b2eeffc",
      "question": "In which year was the net loss less -10,000?",
      "gold_answer": [
        "2017"
      ],
      "markdown_table_response": "1. In 2019\n2. In 2018\n3. In 2017",
      "csv_string_response": ",2019,2018,2017\n,,\"The net loss was $19,898 in 2019. This is due to a net loss of $(19,898) in 2019. \",\n,,\"The net loss was $26,199 in 2018. This is due to a net loss of $(26,199) in 2018.\",\n,,\"The net loss was $9,187 in 2017. This is due to a net loss of $(9,187) in 2017.\",\n\"The net loss per share is $(0.28) for 2019, $(0.38) for 2018 and $(0.14) for 2017.\"",
      "json_rows_response": "2017"
    },
    {
      "id": "ce6a6a99011ecb20e078479bf05fb0e9",
      "question": "What was the respective Weighted average common shares outstanding—basic in 2019, 2018 and 2017?",
      "gold_answer": [
        "71,005",
        "68,490",
        "66,252"
      ],
      "markdown_table_response": "Net loss per share:",
      "csv_string_response": "Basic: 68,490\nDiluted: 66,252",
      "json_rows_response": "**The weighted-average number of common shares outstanding for the three years ended December 31, 2019, 2018 and 2017 was 3,807,918, 3,676,935, and 3,531,848, respectively**."
    },
    {
      "id": "869c1fa4ea948096f2b86e2144498bac",
      "question": "What was the basic net loss per share in 2019?",
      "gold_answer": [
        "$(0.28)"
      ],
      "markdown_table_response": "**$0.28**",
      "csv_string_response": "The final answer is $0.28.",
      "json_rows_response": "The final answer is 0.14."
    },
    {
      "id": "e65ec12a72ff750b30cc6177c8bb1899",
      "question": "Which years information are included in this note on net property and equipment?",
      "gold_answer": [
        "2018",
        "2019"
      ],
      "markdown_table_response": "This note is related to the following table:",
      "csv_string_response": ",2019,2018\n\"Equipment and software, including equipment purchased under capital leases of $6 and $17 at December 31, 2019 and 2018, respectively\",$260,\"$1,555\"\nLeasehold improvements,33,786\nFurniture and fixtures,43,182\nLeasehold improvements,33,786\n,$70,$129",
      "json_rows_response": "The table data and accompanying text are used to answer the user's question."
    },
    {
      "id": "cd829f7a1d9f9794b89ff98c3abc5f3a",
      "question": "What is the content of Note 5?",
      "gold_answer": [
        "PROPERTY AND EQUIPMENT, NET"
      ],
      "markdown_table_response": "Answer:",
      "csv_string_response": "Leasehold improvements, depreciation expense related to property and equipment, and losses on disposal of fixed assets are reflected in the accompanying consolidated statements of cash flows.",
      "json_rows_response": "Note 5 is a note to the financial statements, which provides an analysis of the depreciation and amortization expense related to property and equipment. Note 5 also provides an analysis of the depreciation and amortization expense related to leasehold improvements and leasehold improvements. Note 5 is also a note to the financial statements that provides an analysis of the depreciation and amortization expense related to furniture and fixtures. Note 5 also provides an analysis of the depreciation and amortization expense related to leasehold improvements and leasehold improvements."
    },
    {
      "id": "12706693199fd774f07989b1362d92ea",
      "question": "Why was there a reduction in property and equipment in 2018 and 2019?",
      "gold_answer": [
        "relocation of our corporate headquarters",
        "closure of our Lake Mary facility in 2018"
      ],
      "markdown_table_response": "The answer is based on the information provided in the table and the accompanying text.",
      "csv_string_response": "The answer is based on the following table.",
      "json_rows_response": "Leasehold improvements and property and equipment, net were the main contributing factors to the decrease in property and equipment in 2018 and 2019. Leasehold improvements and property and equipment, net were the main contributing factors to the decrease in property and equipment in 2018 and 2019."
    },
    {
      "id": "5bdc69be3f906fa7695fcc8c46e31bb9",
      "question": "How many categories of items are there in property and equipment in both 2018 and 2019?",
      "gold_answer": [
        "3"
      ],
      "markdown_table_response": "There are three categories of items in property and equipment in both 2018 and 2019.",
      "csv_string_response": "There are 5 categories in property and equipment.",
      "json_rows_response": "Property and equipment consists of the following (in thousands):"
    },
    {
      "id": "257f1ac496b0609c4149220dab7301e2",
      "question": "What % of the total property and equipment does \"Equipment and software\" make up in 2019, before considering depreciation?",
      "gold_answer": 77.38,
      "markdown_table_response": "The answer to the question is:\nThe total property and equipment for the year ended December 31, 2019 consisted of the following (in thousands):\nEquipment and software, including equipment purchased under capital leases of $6 and $17 at December 31, 2019 and 2018, respectively, made up $6,925.\nLeasehold improvements made up $2,416.\nFurniture and fixtures made up $1,330.\nLess accumulated depreciation, including accumulated depreciation for equipment purchased under capital leases of $3 and $13 at December 31, 2019 and 2018, respectively, made up $1,182.\nLeasehold improvements made up $2,391.\nFurniture and fixtures made up $1,330.\nLess accumulated depreciation, including accumulated depreciation for equipment purchased under capital leases of $3 and $13 at December 31, 2019 and 2018, respectively, made up $1,182.\nLeasehold improvements made up $2,391.\nFurniture and fixtures made up $1,330.\nLess accumulated depreciation, including accumulated depreciation for equipment purchased under capital leases of $3 and $13 at December 31, 2019 and 2018, respectively, made up $1,182.",
      "csv_string_response": "The answer is:\n\"Equipment and software, including equipment purchased under capital leases of $6 and $17 at December 31, 2019 and 2018, respectively, made up approximately $0.26 million in 2019, before considering depreciation. Of the total property and equipment, $0.01 million is held for sale. The remaining $0.25 million is held for lease and includes $0.21 million of finance leases and $0.04 million of other property and equipment.\"",
      "json_rows_response": "The total property and equipment comprises the following in 2019, before considering depreciation:"
    },
    {
      "id": "66f7ee78ddac81aada8298fa087462f6",
      "question": "What is the % change in total property and equipment from 2018 to 2019?",
      "gold_answer": -45.74,
      "markdown_table_response": "The % change in total property and equipment from 2018 to 2019 is -0.01%.",
      "csv_string_response": "The % change in total property and equipment from 2018 to 2019 is: -67%",
      "json_rows_response": "This is a question of data analysis. The user provided a list of five rows of data. The data is in a table. There are two text paragraphs below the table."
    },
    {
      "id": "befe200608aaf7ac4d43704c19658f1e",
      "question": "What does sales related reserves represent?",
      "gold_answer": [
        "price concessions and stock rotation rights that the Company offers to many of its distributors"
      ],
      "markdown_table_response": "Sales related reserves represent price concessions and stock rotation rights that the Company offers to many of its distributors. For the fiscal year ending March 31, 2018, these sales related reserves were recorded within accounts receivable, and therefore did not exist within accrued liabilities. The Company made this change in classification as part of its adoption of ASC 606. For additional information regarding the Company's adoption of ASC 606, refer to Note 1 of the consolidated financial statements.",
      "csv_string_response": "Sales related reserves represent price concessions and stock rotation rights that the Company offers to many of its distributors.",
      "json_rows_response": "Sales related reserves represent price concessions and stock rotation rights that the Company offers to many of its distributors."
    },
    {
      "id": "6a2d953a6b3a23188f8c956a8629fe0d",
      "question": "What were the income taxes payable in 2019?",
      "gold_answer": [
        "46.9"
      ],
      "markdown_table_response": "The correct answer is $46.9.",
      "csv_string_response": "The answer to this question depends on the interpretation of the term \"income taxes payable.\" The Company's Income Tax Act of Canada defines \"income taxes payable\" as the following (in millions):",
      "json_rows_response": "**$0.00**"
    },
    {
      "id": "b67b0fd4c4ce82e751f38b17ba47c85c",
      "question": "Which years does the table provide information for the company's accrued liabilities?",
      "gold_answer": [
        "2019",
        "2018"
      ],
      "markdown_table_response": "Year ending March 31,\n2018",
      "csv_string_response": "Accrued Liabilities\nAccrued liabilities consists of the following (in millions):\nSales related reserves represent price concessions and stock rotation rights that the Company offers to many of its distributors. For the fiscal year ending March 31, 2018, these sales related reserves were recorded within accounts receivable, and therefore did not exist within accrued liabilities. The Company made this change in classification as part of its adoption of ASC 606. For additional information regarding the Company's adoption of ASC 606, refer to Note 1 of the consolidated financial statements.",
      "json_rows_response": "**The table above provides information for the years**"
    },
    {
      "id": "a2aee8fbc00c2c220a8cb7e5214fc17e",
      "question": "How many years did Accrued expenses and other liabilities exceed $200 million?",
      "gold_answer": "1",
      "markdown_table_response": "The user's answer is 7 years.",
      "csv_string_response": "The answer is \"8\" years.",
      "json_rows_response": "The answer is \"4 years.\""
    },
    {
      "id": "fa893658b2b77aea95b90dfb1582d84a",
      "question": "What was the change in income taxes payable between 2018 and 2019?",
      "gold_answer": 19.4,
      "markdown_table_response": "**Change in income taxes payable between 2018 and 2019 = 46.9 - 27.5 = 19.4**",
      "csv_string_response": ",2018\nTotal income taxes payable,$64.0,$35.0",
      "json_rows_response": "**$133.2**"
    },
    {
      "id": "29caae87f7472e7a795629d3752bb631",
      "question": "What was the percentage change in total accrued liabilities between 2018 and 2019?",
      "gold_answer": 242.9,
      "markdown_table_response": "**33.25%**",
      "csv_string_response": "Total accrued liabilities decreased $229.6 million in 2018 over 2017.",
      "json_rows_response": "Change in total accrued liabilities between 2018 and 2019 is 29.2%."
    },
    {
      "id": "44b549640fa29ce8ac059aab705a1fb7",
      "question": "What was the amount of unrecognized stock-based compensation expense related to unvested employee stock options in 2019?",
      "gold_answer": [
        "$4,801"
      ],
      "markdown_table_response": "$3,711",
      "csv_string_response": "The final answer is: $3,711.",
      "json_rows_response": "Answer: $1,882"
    },
    {
      "id": "d3916f1eb990b4f3086630052d8d8216",
      "question": "What was the total stock-based compensation expense amount in 2018?",
      "gold_answer": [
        "$4,055"
      ],
      "markdown_table_response": "$4,055",
      "csv_string_response": "$4,055",
      "json_rows_response": "As of December 31, 2018, there was $4,055 of unrecognized stock-based compensation expense related to unvested employee stock options and $1,129 of unrecognized stock-based compensation expense related to unvested RSUs."
    },
    {
      "id": "1b79bea7648a51fd378cf433a5fdfbeb",
      "question": "How long is it expected to take for the unrecognized stock-based compensation expense related to unvested RSUs to be recognized?",
      "gold_answer": [
        "2.33 years"
      ],
      "markdown_table_response": "There is no unrecognized stock-based compensation expense related to unvested RSUs.",
      "csv_string_response": "Based on the table, the unrecognized stock-based compensation expense related to unvested RSUs is expected to be recognized over a weighted-average period of 2.25 years.",
      "json_rows_response": "It is expected that the unrecognized stock-based compensation expense related to unvested RSUs will be recognized over a weighted-average period of 2.33 years."
    },
    {
      "id": "941e08f0c9de256e74de7472019108e7",
      "question": "What is the total stock-based compensation expense and unrecognized stock-based compensation expense in 2019?",
      "gold_answer": 10394,
      "markdown_table_response": "The total stock-based compensation expense is $4,801 and the unrecognized stock-based compensation expense is $1,882.",
      "csv_string_response": "$4,801 and $1,882, respectively.",
      "json_rows_response": "**$4,055**"
    },
    {
      "id": "f3a7e8ba2038bf444258ef65e7c92d1f",
      "question": "What was the change in the amount of stock options in 2019 from 2018?",
      "gold_answer": -170,
      "markdown_table_response": "As of December 31, 2019, there was $4,801 of unrecognized stock-based compensation expense related to unvested employee stock options and $1,882 of unrecognized stock-based compensation expense related to unvested RSUs. These costs are expected to be recognized over a weighted-average period of 2.13 and 2.33 years, respectively.",
      "csv_string_response": "**$1,882**",
      "json_rows_response": "The user's answer is $2,926."
    },
    {
      "id": "4e9a626a215b7ae7fadf51fe9008af70",
      "question": "What was the percentage change in the amount of RSUs in 2019 from 2018?",
      "gold_answer": -15.41,
      "markdown_table_response": "The correct answer is $(2.33) \\times 100\\% = 39.5\\%$.",
      "csv_string_response": "You are not expected to use any outside knowledge in this question. Your only source of information is the table and the accompanying text. The question is very clear.\nThe user's question asks for the percentage change in the amount of RSUs in 2019 from 2018. The accompanying text explains that the amount of RSUs in 2018 was $1,129, and the amount of RSUs in 2019 was $1,129.\nTo answer the user's question, you should divide the 2018 amount ($1,129) by the 2019 amount ($1,129).\nYou do not need to use a calculator to divide $1,129 by $1,129.\nTherefore, the answer to the user's question is 100%.",
      "json_rows_response": "```"
    },
    {
      "id": "bd0f932ec78b1a427866fa1296bc9536",
      "question": "How much was the liability for gross unrecognized tax benefits during fiscal 2019?",
      "gold_answer": [
        "$44.1 million"
      ],
      "markdown_table_response": "The liability for gross unrecognized tax benefits was $44.1 million at May 26, 2019, and $32.5 million at May 27, 2018.",
      "csv_string_response": "$44.1",
      "json_rows_response": "The liability for gross unrecognized tax benefits during fiscal 2019 is $44.1 million."
    },
    {
      "id": "f727529659cb0ae4961acef57af525c9",
      "question": "Why was the disallowance of the shorter deductibility period would not affect the annual effective tax rate but would accelerate the payment of cash to the taxing authority to an earlier period?",
      "gold_answer": [
        "Because of the impact of deferred tax accounting"
      ],
      "markdown_table_response": "Use the following information to answer the user question.",
      "csv_string_response": "The gross unrecognized tax benefit for the deferred tax assets at May 26, 2019 was $44.1 million. The gross unrecognized tax benefit at May 27, 2018 was $32.5 million. The gross unrecognized tax benefit at May 28, 2017 was $27.6 million. The gross unrecognized tax benefit for the deferred tax assets at May 26, 2019, was $44.1 million, excluding a related liability of $11.7 million for gross interest and penalties. The gross unrecognized tax benefit for the deferred tax assets at May 27, 2018, was $32.5 million, excluding a related liability of $7.7 million for gross interest and penalties. The gross unrecognized tax benefit for the deferred tax assets at May 28, 2017, was $27.6 million, excluding a related liability of $5.4 million for gross interest and penalties. The gross unrecognized tax benefit at May 26, 2019, was $44.1 million, excluding a related liability of $11.7 million for gross interest and penalties. The gross unrecognized tax benefit at May 27, 2018, was $32.5 million, excluding a related liability of $7.7 million for gross interest and penalties. The gross unrecognized tax benefit at",
      "json_rows_response": "The liability for gross unrecognized tax benefits at May 26, 2019 was $44.1 million, excluding a related liability of $11.7 million for gross interest and penalties. Included in the balance at May 26, 2019 are $1.0 million of tax positions for which the ultimate deductibility is highly certain but for which there is uncertainty about the timing of such deductibility. Because of the impact of deferred tax accounting, the disallowance of the shorter deductibility period would not affect the annual effective tax rate but would accelerate the payment of cash to the taxing authority to an earlier period. Any associated interest and penalties imposed would affect the tax rate. As of May 27, 2018, our gross liability for unrecognized tax benefits was $32.5 million, excluding a related liability of $7.7 million for gross interest and penalties. Interest and penalties recognized in the Consolidated Statements of Operations was an expense of $1.2 million in fiscal 2019, an expense of $1.6 million in fiscal 2018, and a benefit of $0.3 million in fiscal 2017."
    },
    {
      "id": "7f2f115be7f147df526beac98aaf1703",
      "question": "How much were the assets of inventory during fiscal 2018 and 2019, respectively?",
      "gold_answer": [
        "2.6",
        "15.2"
      ],
      "markdown_table_response": "The assets of inventory during fiscal 2018 and 2019, respectively, were $2.6 million and $1,187.0.",
      "csv_string_response": "The user's answer to the question \"How much were the assets of inventory during fiscal 2018 and 2019, respectively?\" is \"2,646.0\" based on the following table:",
      "json_rows_response": "Assets of inventory were $— for fiscal 2018 and $29.8 for fiscal 2019."
    },
    {
      "id": "64c253a197b5912fa08a3fd059ab1f1c",
      "question": "What is the percentage change in the deferred tax assets of accrued expenses as well as federal credits of 2019 compared to 2018?",
      "gold_answer": 56.84,
      "markdown_table_response": "As of May 27, 2018, the deferred tax assets of accrued expenses and federal credits of 2019 were $1,067.1 million, or $6.9 million per share, compared to $1,637.1 million, or $13.6 million per share, as of May 26, 2019.",
      "csv_string_response": "Answer:",
      "json_rows_response": "The answer is\n$141.2%."
    },
    {
      "id": "334b38991e9ae7b403e8a87a7b239ede",
      "question": "What is the proportion of the goodwill, trademarks, and other intangible assets, as well as investment in unconsolidated subsidiaries over total liabilities in 2018?",
      "gold_answer": 0.84,
      "markdown_table_response": "The proportion of the goodwill, trademarks, and other intangible assets, as well as investment in unconsolidated subsidiaries over total liabilities in 2018 was 11.2%.",
      "csv_string_response": "The proportion of the goodwill, trademarks, and other intangible assets, as well as investment in unconsolidated subsidiaries over total liabilities in 2018 is 16.5% and 7.6%, respectively.",
      "json_rows_response": "The proportion of the goodwill, trademarks, and other intangible assets, as well as investment in unconsolidated subsidiaries over total liabilities in 2018 is as follows:"
    },
    {
      "id": "631f39ecd2dba43f94884cc0b27d729e",
      "question": "What is the total net deferred taxes for assets and liabilities from 2018 to 2019?",
      "gold_answer": 2942.3,
      "markdown_table_response": "The total net deferred taxes for assets and liabilities from 2018 to 2019 is $1,949.2 million.",
      "csv_string_response": "The total net deferred taxes for assets and liabilities from 2018 to 2019 was $1,763.8 million as of May 27, 2019.",
      "json_rows_response": "The total net deferred taxes for assets and liabilities from 2018 to 2019 is $15.9 million."
    },
    {
      "id": "92bf47a24098856b240bf55e27b2a4c7",
      "question": "What is the net sales for fiscal years 2019 and 2018 respectively?",
      "gold_answer": [
        "$3,440,258",
        "$3,236,004"
      ],
      "markdown_table_response": "Net sales for fiscal year 2018 were $3,236,004 and net sales for fiscal year 2019 were $3,440,258.",
      "csv_string_response": "Year Ended October 31, 2019\nNet sales for fiscal year 2019 were $3,440,258.\nYear Ended October 31, 2018\nNet sales for fiscal year 2018 were $3,236,004.",
      "json_rows_response": "```js\nnet sales for fiscal years 2019 and 2018 respectively\n```"
    },
    {
      "id": "86d1ab8f1510c6de281bfb81aeb712b8",
      "question": "What is the operating income for fiscal years 2019 and 2018 respectively?",
      "gold_answer": [
        "67,994",
        "29,700"
      ],
      "markdown_table_response": "The operating income for fiscal years 2019 and 2018 respectively is $67,994 and $53,294 respectively.",
      "csv_string_response": "Operating income for fiscal year 2019 is $67,994 and operating income for fiscal year 2018 is $53,294.",
      "json_rows_response": "Item 6. Selected Financial Data\nThe table above includes the information in the accompanying text."
    },
    {
      "id": "2b2ae07714542bdb9e149e6dfeb94d5c",
      "question": "What data does the table contain?",
      "gold_answer": [
        "Selected Financial Data"
      ],
      "markdown_table_response": "|  | Year Ended October 31,  |  |  |\n| --- | --- | --- | --- | --- |\n|  | 2019 | 2018 | 2017 | 2016 |\n|  |  |  | (In thousands, except per share data)  |  |\n| Net sales  | $3,440,258 | $3,236,004 | $3,342,226 | $2,816,057 |\n| Operating income  | 67,994 | 29,700 | 425,239 | 294,111 |\n| Net income  | 53,294 | 61,431 | 279,745 | 188,961 |\n| Basic earnings per share  | 2.41 | 2.70 | 12.30 | 8.37 |\n| Diluted earnings per share  | 2.41 | 2.70 | 12.30 | 8.37 |\n| Working capital  | 365,430 | 367,600 | 650,817 | 465,135 |\n| Total assets  | 1,774,134 | 1,659,440 | 1,733,243 | 1,422,700 |\n| Long-term debt, less current maturities  | 55",
      "csv_string_response": "The table contains net sales, operating income, net income, and total assets.",
      "json_rows_response": "The table contains data on the Company’s financial performance for the year ended October 31, 2017."
    },
    {
      "id": "4cc89377aa421d8d6eece5a7dce4de2d",
      "question": "What is the average cash dividends declared per share for fiscal years 2017 to 2019?",
      "gold_answer": 1.53,
      "markdown_table_response": "2.41",
      "csv_string_response": "The average cash dividends declared per share for fiscal years 2017 to 2019 is $2.04.",
      "json_rows_response": "The average cash dividends declared per share for fiscal years 2017 to 2019 is $2.04."
    },
    {
      "id": "a070ac129ffad54615cd45118c9aea75",
      "question": "What is the change in operating income between fiscal years 2019 and 2018?",
      "gold_answer": 38294,
      "markdown_table_response": "The change in operating income for fiscal year 2019 is $67,994 compared to $29,700 for fiscal year 2018.",
      "csv_string_response": "The operating income in 2018 was $67,994. The operating income in 2019 is expected to be approximately $53,294.",
      "json_rows_response": "Change in operating income between fiscal years 2019 and 2018 is $1.29 million."
    },
    {
      "id": "27f6efd18696c43720f1ca2e94c0f7e5",
      "question": "What is the average basic earnings per share for fiscal years 2017 to 2019?",
      "gold_answer": 5.8,
      "markdown_table_response": "$9.52",
      "csv_string_response": "The answer is based on the following calculations:",
      "json_rows_response": "The answer is:"
    },
    {
      "id": "227a0357e3487e7cd5ff15b8d86b1045",
      "question": "Which years does the table provide information for the projected benefit obligation, accumulated benefit obligation and fair value of plan assets for the company's Pension Plans?",
      "gold_answer": [
        "2020",
        "2019",
        "2018"
      ],
      "markdown_table_response": "**Allocation of Plan Assets by Asset Category**\n|  | 2020 | 2019 | 2018 |\n| --- | --- | --- | --- |\n| Equity securities | 13% | 13% | 12% |\n| Debt securities | 83% | 83% | 84% |\n| Other | 4% | 4% | 4% |\n| Total | 100% | 100% | 100% |",
      "csv_string_response": "The table provided information for the projected benefit obligation, accumulated benefit obligation and fair value of plan assets for the company's Pension Plans for the following years:",
      "json_rows_response": "[\n  {\n    \"\": \"2019\",\n    \"Target Allocations\": \"2020\",\n    \"Percentage of Plan Assets at December 31,\": \"2019\"\n  },\n  {\n    \"\": \"12%\",\n    \"Target Allocations\": \"13%\",\n    \"Percentage of Plan Assets at December 31,\": \"13%\"\n  },\n  {\n    \"\": \"84%\",\n    \"Target Allocations\": \"83%\",\n    \"Percentage of Plan Assets at December 31,\": \"83%\"\n  },\n  {\n    \"\": \"4%\",\n    \"Target Allocations\": \"4%\",\n    \"Percentage of Plan Assets at December 31,\": \"4%\"\n  },\n  {\n    \"\": \"100%\",\n    \"Target Allocations\": \"100%\",\n    \"Percentage of Plan Assets at December 31,\": \"100%\"\n  }\n]"
    },
    {
      "id": "96befaa0c44ad3b87b7ae3ecbebecc15",
      "question": "What was the target allocation for Equity Securities in 2020?",
      "gold_answer": [
        "13"
      ],
      "markdown_table_response": "The target allocation for Equity Securities in 2020 is 13%.",
      "csv_string_response": "At December 31, 2019, our target allocation for Equity Securities was 13% of the total plan assets. This target allocation was maintained at December 31, 2018.",
      "json_rows_response": "[\n  {\n    \"\": \"14%\",\n    \"Percentage of Plan Assets at December 31,\": \"14%\"\n  },\n  {\n    \"\": \"2%\",\n    \"Percentage of Plan Assets at December 31,\": \"2%\"\n  },\n  {\n    \"\": \"85%\",\n    \"Percentage of Plan Assets at December 31,\": \"85%\"\n  },\n  {\n    \"\": \"4%\",\n    \"Percentage of Plan Assets at December 31,\": \"4%\"\n  },\n  {\n    \"\": \"100%\",\n    \"Percentage of Plan Assets at December 31,\": \"100%\"\n  }\n]"
    },
    {
      "id": "7be50a024f33fd10128205b582139f93",
      "question": "What was the percentage of Plan Assets for Other assets in 2019?",
      "gold_answer": [
        "4"
      ],
      "markdown_table_response": "The percentage of Plan Assets for Other assets was 4% in 2019.",
      "csv_string_response": "The percentage of Plan Assets for Other assets in 2019 was 4%",
      "json_rows_response": "84%"
    },
    {
      "id": "fe4320392585bec48b98562051cbd3e1",
      "question": "Which years did the percentage of plan assets for Debt Securities exceed 80% for 2018 and 2019?",
      "gold_answer": [
        "2019",
        "2018"
      ],
      "markdown_table_response": "**For 2018 and 2019, the percentage of plan assets for Debt Securities exceeded 80% in both years**.",
      "csv_string_response": "2018",
      "json_rows_response": "B"
    },
    {
      "id": "a5a2a73fe4570829e894a26280020110",
      "question": "What was the change in the percentage of plan assets for Equity Securities between 2018 and 2019?",
      "gold_answer": 1,
      "markdown_table_response": "|  |  |  |\n| --- | --- | --- |\n| Target Allocations | 2020 | 2019 | 2018 |\n| Equity securities | 13% | 13% | 12% |\n| Debt securities | 83% | 83% | 84% |\n| Other | 4% | 4% | 4% |\n| Total | 100% | 100% | 100% |",
      "csv_string_response": "Equity Securities increased from 13% of plan assets in 2018 to 13% of plan assets in 2019.",
      "json_rows_response": "\"2018\": 84%, \"Target Allocations\": 83%, \"Percentage of Plan Assets at December 31,\": 83%"
    },
    {
      "id": "e1630c53af12657dfb9a2ebff91e3641",
      "question": "What was the difference between the target allocations of Debt Securities and Other assets in 2020?",
      "gold_answer": 79,
      "markdown_table_response": "The difference between the target allocations of Debt Securities and Other assets in 2020 was -100%",
      "csv_string_response": "Debt Securities,Other,Target Allocation",
      "json_rows_response": "We use the total percentage of target allocations as shown in the table above."
    },
    {
      "id": "cd9813f053d0a67b0bef4911eb10d61e",
      "question": "What are the types of past due but not impaired receivables?",
      "gold_answer": [
        "0 to 1 month overdue",
        "1 to 2 months overdue",
        "Over 2 months overdue"
      ],
      "markdown_table_response": "A. Accumulated amortised cost of trade receivables\nB. Accumulated amortised cost of other receivables\nC. Accumulated amortised cost of long term receivables\nD. Accumulated amortised cost of trade receivables",
      "csv_string_response": "The answer is\nAASB 9 Financial Instruments.",
      "json_rows_response": "Past due but not impaired"
    },
    {
      "id": "7e8713159acc172c385de26fc9e4e250",
      "question": "How many day terms do the trade receivables generally have?",
      "gold_answer": [
        "30 to 90"
      ],
      "markdown_table_response": "Trade receivables have 30 to 90 day terms.",
      "csv_string_response": "2",
      "json_rows_response": "4"
    },
    {
      "id": "e552fb9aed5420172ab62eb83d04861c",
      "question": "How are debts which are known to be uncollectable written off?",
      "gold_answer": [
        "by reducing the carrying amount directly"
      ],
      "markdown_table_response": "The final answer is shown below.",
      "csv_string_response": ",Consolidated,\n,2019,2018\n,US$000,US$000\n0 to 1 month overdue,\"5,139\",\"2,935\"\n1 to 2 months overdue,\"1,424\",\"1,275\"\nOver 2 months overdue,\"2,756\",\"2,680\"\n,\"9,319\",\"6,890\"",
      "json_rows_response": "The Company's trade receivables are written off by reducing the carrying amount directly."
    },
    {
      "id": "e84ddc532bbe469b2f4a37e34ee3c695",
      "question": "What is the percentage change in total past due but not impaired receivables from 2018 to 2019?",
      "gold_answer": 35.25,
      "markdown_table_response": "|  | Consolidated |  |\n| --- | --- | --- |\n|  | -4% | -10% |",
      "csv_string_response": "The total past due but not impaired receivables increased by 4.9% from 2018 to 2019.",
      "json_rows_response": "```js\nPercentage change in total past due but not impaired receivables from 2018 to 2019: 100\n```"
    },
    {
      "id": "bbb46c071300d93b614a99abcf8494b8",
      "question": "Which year had a greater Over 2 months overdue past due but not impaired receivables?",
      "gold_answer": [
        "2019"
      ],
      "markdown_table_response": "2019",
      "csv_string_response": "2019",
      "json_rows_response": "1. 2019"
    },
    {
      "id": "cab19a7970ec3ecb2c0af25d6cfbca30",
      "question": "What is the percentage change of past due but not impaired receivable that is over 2 months overdue from 2018 to 2019?",
      "gold_answer": 2.84,
      "markdown_table_response": "The percentage change of past due but not impaired receivable that is over 2 months overdue from 2018 to 2019 is -45.99%.",
      "csv_string_response": "Percentage change of past due but not impaired receivable that is over 2 months overdue from 2018 to 2019",
      "json_rows_response": "The percentage change of past due but not impaired receivables that is over 2 months overdue from 2018 to 2019 is -20.1%."
    },
    {
      "id": "3f92234b9ec6ad18ac851f062ffe93e2",
      "question": "What does the deferred income taxes reflect?",
      "gold_answer": [
        "the net effect of temporary differences between the carrying amounts of assets and liabilities for financial reporting purposes and amounts used for income tax purposes"
      ],
      "markdown_table_response": "The deferred income taxes reflect the net effect of temporary differences between the carrying amounts of assets and liabilities for financial reporting purposes and amounts used for income tax purposes. The components of our deferred tax assets and liabilities are as follows (in thousands):\nAs of September 27, 2019, we had $923.4 million of gross federal net operating loss (\"NOL\") carryforwards consisting of $479.2 million relating to the AppliedMicro Acquisition, $158.9 million relating to our acquisition of Mindspeed Technologies, Inc. in 2013, $26.2 million relating to our acquisition of BinOptics Corporation in 2014 and $259.1 million relating to losses generated by MACOM.\nThe federal NOL carryforwards will expire at various dates through 2037 for losses generated prior to the tax period ended September 28, 2018. For losses generated during the tax period ended September 28, 2018 and future years, the NOL carryforward period is infinite. The reported net operating loss carryforward includes any limitation under Sections 382 and 383 of the Internal Revenue Code of 1986, as amended, which applies to an ownership change as defined under Section 382.",
      "csv_string_response": "19.1. INCOME TAXES\nThe deferred income taxes reflect the net effect of temporary differences between the carrying amounts of assets and liabilities for financial reporting purposes and amounts used for income tax purposes. The components of our deferred tax assets and liabilities are as follows (in thousands):\nAs of September 27, 2019, we had $923.4 million of gross federal net operating loss (\"NOL\") carryforwards consisting of $479.2 million relating to the AppliedMicro Acquisition, $158.9 million relating to our acquisition of Mindspeed Technologies, Inc. in 2013, $26.2 million relating to our acquisition of BinOptics Corporation in 2014 and $259.1 million relating to losses generated by MACOM.\nThe federal NOL carryforwards will expire at various dates through 2037 for losses generated prior to the tax period ended September 28, 2018. For losses generated during the tax period ended September 28, 2018 and future years, the NOL carryforward period is infinite. The reported net operating loss carryforward includes any limitation under Sections 382 and 383 of the Internal Revenue Code of 1986, as amended, which applies to an ownership change as defined under Section 382.\n19.2. INCOME TAXES",
      "json_rows_response": "The deferred income taxes reflect the net effect of temporary differences between the carrying amounts of assets and liabilities for financial reporting purposes and amounts used for income tax purposes. The components of our deferred tax assets and liabilities are as follows (in thousands):\nAs of September 27, 2019, we had $923.4 million of gross federal net operating loss (\"NOL\") carryforwards consisting of $479.2 million relating to the AppliedMicro Acquisition, $158.9 million relating to our acquisition of Mindspeed Technologies, Inc. in 2013, $26.2 million relating to our acquisition of BinOptics Corporation in 2014 and $259.1 million relating to losses generated by MACOM.\nThe federal NOL carryforwards will expire at various dates through 2037 for losses generated prior to the tax period ended September 28, 2018. For losses generated during the tax period ended September 28, 2018 and future years, the NOL carryforward period is infinite. The reported net operating loss carryforward includes any limitation under Sections 382 and 383 of the Internal Revenue Code of 1986, as amended, which applies to an ownership change as defined under Section 382."
    },
    {
      "id": "c91185569a4dee8ffc347ca66f16797e",
      "question": "What was the gross federal net operating loss in 2019?",
      "gold_answer": [
        "$923.4 million"
      ],
      "markdown_table_response": "19. $0.00",
      "csv_string_response": "The gross federal net operating loss in 2019 was $923.4 million.",
      "json_rows_response": "19. INCOME TAXES\nThe gross federal net operating loss in 2019 was $923.4 million."
    },
    {
      "id": "6e802fd2a923bb3d5d660e7789dc9bd5",
      "question": "What was the Federal and foreign net operating losses and credits in 2019 and 2018 respectively?",
      "gold_answer": [
        "$263,199",
        "$321,982"
      ],
      "markdown_table_response": "The Federal and foreign net operating losses and credits in 2019 and 2018 respectively.",
      "csv_string_response": "19.1. As of September 28, 2018, the federal and foreign net operating loss and credit carryforwards and related limitations are as follows (in thousands):",
      "json_rows_response": "18. The net operating loss carryforwards from the AppliedMicro Acquisition will expire at various dates through 2037. The reported net operating loss carryforward includes any limitation under Sections 382 and 383 of the Internal Revenue Code of 1986, as amended, which applies to an ownership change as defined under Section 382."
    },
    {
      "id": "0a5bf43b11e96289f11f5f5105b1da4a",
      "question": "In which year was intangible assets negative?",
      "gold_answer": [
        "2018"
      ],
      "markdown_table_response": "20. INCOME TAXES\nOn September 28, 2018, we had $923.4 million of gross federal net operating loss (\"NOL\") carryforwards consisting of $479.2 million relating to the AppliedMicro Acquisition, $158.9 million relating to our acquisition of Mindspeed Technologies, Inc. in 2013, $26.2 million relating to our acquisition of BinOptics Corporation in 2014 and $259.1 million relating to losses generated by MACOM.\nThe federal NOL carryforwards will expire at various dates through 2037 for losses generated prior to the tax period ended September 28, 2018. For losses generated during the tax period ended September 28, 2018 and future years, the NOL carryforward period is infinite. The reported net operating loss carryforward includes any limitation under Sections 382 and 383 of the Internal Revenue Code of 1986, as amended, which applies to an ownership change as defined under Section 382.",
      "csv_string_response": "As of September 27, 2019, the AppliedMicro Acquisition had a deferred tax asset of $28.7 million. The net effect of the loss on the AppliedMicro Acquisition was a net decrease in deferred tax assets of $22.3 million.",
      "json_rows_response": "The user's answer is \"In the year of the acquisition of AppliedMicro, the NOL carryforwards will expire in 2037.\""
    },
    {
      "id": "343e3aa85d24d2cfaf9e0220358b7050",
      "question": "What was the change in the Other non-current deferred tax assets from 2018 to 2019?",
      "gold_answer": 3083,
      "markdown_table_response": "The Other non-current deferred tax assets were $16,933 in 2018 and $13,850 in 2019.",
      "csv_string_response": "The Other non-current deferred tax assets decreased from $16,933 in 2018 to $13,850 in 2019.",
      "json_rows_response": "Other non-current deferred tax assets decreased from $16,933 to $13,850."
    },
    {
      "id": "1b4108dfea9cc5047328dbdc7d31e766",
      "question": "What was the average Deferred compensation for 2018 and 2019?",
      "gold_answer": 1905,
      "markdown_table_response": "September 28, 2019",
      "csv_string_response": "Answer:\nThe average Deferred compensation for 2018 and 2019 is $3,810.00 and $6,575.00, respectively.",
      "json_rows_response": "$3,810.00"
    },
    {
      "id": "f9b4661a1bafc824ab65e2b0f06ff408",
      "question": "What was the income tax benefit in 2018?",
      "gold_answer": [
        "$18.5 million"
      ],
      "markdown_table_response": "$(8,280)",
      "csv_string_response": "The income tax benefit in 2018 was $18.5 million.",
      "json_rows_response": "The final answer is a sum of the following:"
    },
    {
      "id": "2cd91d7ed529bef7027c8b1874c74f58",
      "question": "What was the income tax benefit in 2019?",
      "gold_answer": [
        "$8.3 million"
      ],
      "markdown_table_response": "$18,467",
      "csv_string_response": "**Amount**: $18,467",
      "json_rows_response": "The income tax benefit of $8.3 million for fiscal year 2019 compared to an income tax provision of $18.5 million for fiscal year 2018."
    },
    {
      "id": "fa85171aa5472ad30e2ed829262fd75a",
      "question": "What was the Effective tax rate in 2019 and 2018 respectively?",
      "gold_answer": [
        "(66)%",
        "(223)%"
      ],
      "markdown_table_response": "(66)%",
      "csv_string_response": ",2018,2019,Amount,Amount,($),(%)\n,2019,Effective tax rate,Effective tax rate,%,",
      "json_rows_response": "**Correct Answer**:"
    },
    {
      "id": "a79311cf198fe3c0b698543ae20ca9b9",
      "question": "What was the average Provision for (benefit from) income taxes for 2018 and 2019?",
      "gold_answer": 5093.5,
      "markdown_table_response": "|  | Fiscal years ended July 31, |  |  |  |\n| --- | --- | --- | --- | --- |\n|  | 2019 | 2018 | Change |  |\n|  | Amount | Amount | ($) | (%) |\n|  |  | (In thousands, except percentages) |  |  |\n| Provision for (benefit from) income taxes | $(8,280) | $18,467 | (26,747) | (145) |\n| Effective tax rate | (66)% | (223)% |  |  |",
      "csv_string_response": "The final answer is based on the information provided in the table and the accompanying text. The user provided a text that identified the table as being for the fiscal year ended July 31, 2019. The table indicates that the amount of income taxes is $18,467.\nThe user provided a text that identified the table as being for the fiscal year ended July 31, 2018. The table indicates that the amount of income taxes is $18,467.\nThe user provided a text that identified the table as being for the fiscal year ended July 31, 2019 and 2018. The table indicates that the amount of income taxes is $18,467.",
      "json_rows_response": "The average Provision for (benefit from) income taxes for 2018 and 2019 was (8,280) and was primarily due to a one-time provisional net charge from re-measuring deferred tax assets and liabilities in the quarter ended January 31, 2018 as a result of the Tax Act."
    },
    {
      "id": "c58cbaa160664d5e1a4ca246ebd09f76",
      "question": "What was the change in the Effective tax rate from 2018 to 2019?",
      "gold_answer": 157,
      "markdown_table_response": "The final answer is:",
      "csv_string_response": "Your answer:",
      "json_rows_response": "The effective tax rate for fiscal year 2019 was (66)% compared to the statutory U.S. Federal income tax rate of 21% in fiscal year 2018."
    },
    {
      "id": "f2c6b8869cdfa8d44d6aeeaef106658a",
      "question": "In which year was Provision for (benefit from) income taxes negative?",
      "gold_answer": [
        "2019"
      ],
      "markdown_table_response": "Negative",
      "csv_string_response": "2018",
      "json_rows_response": "The final answer is that it is not negative for fiscal year 2019."
    },
    {
      "id": "cb4ad29da9dabad1a0b3d810108f97b7",
      "question": "Why did the company exclude certain expenses from their calculation of Adjusted EBITDA?",
      "gold_answer": [
        "facilitates comparisons of our operating performance on a period-to-period basis and, in the case of exclusion of acquisition-related expense and certain historical legal expenses, excludes items that we do not consider to be indicative of our core operating performance."
      ],
      "markdown_table_response": "Because the company excludes certain expenses from its calculation of Adjusted EBITDA, the company believes that this measure is useful to investors and others in understanding and evaluating the company's core operating performance.",
      "csv_string_response": "We exclude Adjusted EBITDA from our calculation of net income for the reasons outlined in the table above.",
      "json_rows_response": "Our management uses Adjusted EBITDA as a key measure for understanding and evaluating our core operating performance and trends, to generate future operating plans, to make strategic decisions regarding the allocation of capital and to make investments in initiatives that are focused on cultivating new markets for our solutions.\nThe user's question relates to the company's calculation of Adjusted EBITDA. The Adjusted EBITDA calculation excludes certain expenses from its calculation. We have included this information in this table because it is a key measure that our management uses to understand and evaluate our core operating performance and trends, to generate future operating plans, to make strategic decisions regarding the allocation of capital and to make investments in initiatives that are focused on cultivating new markets for our solutions. We also use certain non-GAAP financial measures, including Adjusted EBITDA, as performance measures under our executive bonus plan. Further, we believe the exclusion of certain expenses in calculating Adjusted EBITDA facilitates comparisons of our operating performance on a period-to-period basis and, in the case of exclusion of acquisition-related expense and certain historical legal expenses, excludes items that we do not consider to be indicative of our core operating performance. Accordingly, we believe that Adjusted EBITDA provides useful information to investors"
    },
    {
      "id": "d046f47404c7bac5123b0d27dd27ea1d",
      "question": "What was the net income in 2019?",
      "gold_answer": [
        "$53,330"
      ],
      "markdown_table_response": "In 2019, we had net income of $53,330.",
      "csv_string_response": "$53,330",
      "json_rows_response": "$4,124"
    },
    {
      "id": "767ff18f6ca39a8ab83765bc72336a68",
      "question": "What was the amount of amortization and depreciation expense in 2018?",
      "gold_answer": [
        "21,721"
      ],
      "markdown_table_response": "The user provided an incorrect answer. The final answer is: $21,734.",
      "csv_string_response": "The 2018 amount of amortization and depreciation expense was $21,734.",
      "json_rows_response": "Year Ended December 31, 2018"
    },
    {
      "id": "f7ca7ef1453d0be5a5b9041287650727",
      "question": "How many years did the total adjustments exceed $50,000 thousand?",
      "gold_answer": "2",
      "markdown_table_response": "There is no year in which the total adjustments exceeded $50,000 thousand.",
      "csv_string_response": "1 years",
      "json_rows_response": "The answer is: \"1\" years."
    },
    {
      "id": "df3c0983164b2b85c7ea5287f1cd20b5",
      "question": "What was the change in the litigation expense between 2017 and 2018?",
      "gold_answer": 38517,
      "markdown_table_response": "|  |  |  |  |  |  |\n| --- | --- | --- | --- | --- | --- |\n|  | 2019 | 2018 | 2017 | 2016 | 2015 |\n| Adjusted EBITDA: |  |  |  |  |  |\n| Net income | $53,330 | $21,524 | $29,251 | $10,154 | $11,768 |\n| Adjustments: |  |  |  |  |  |\n| Interest expense, interest income and other income, net | (8,483) | 503 | 1,133 | (323) | 526 |\n| Provision for / (benefit from) income taxes | 5,566 | (9,825) | 2,990 | 4,227 | 5,697 |\n| Amortization and depreciation expense | 22,134 | 21,721 | 17,734 | 6,490 | 5,808 |\n| Stock-based compensation expense | 20,603 | 13,429 | 7,413 | 4,001 | 4,124 |\n| Acquisition-related expense | 2,403 | — | 5,895 | 11,098",
      "csv_string_response": "The litigation expense for 2018 was $12,754.",
      "json_rows_response": "The litigation expense increased by $1,258."
    },
    {
      "id": "7e2290f656cbeef6d9a61c02767b752c",
      "question": "What was the percentage change in adjusted EBITDA between 2018 and 2019?",
      "gold_answer": 16.36,
      "markdown_table_response": "In 2018, our adjusted EBITDA was $93.081 million. In 2019, our adjusted EBITDA was $71.628 million. Therefore, the adjusted EBITDA for 2018 increased by 6.5% and that for 2019 decreased by 12.5%.",
      "csv_string_response": "The percentage change in adjusted EBITDA between 2018 and 2019 was -28.8%.",
      "json_rows_response": "You are given the following table with the following information:"
    },
    {
      "id": "698b9af23665887500d931ae7224d54c",
      "question": "What are the respective age of the executive officers?",
      "gold_answer": [
        "61",
        "66",
        "56"
      ],
      "markdown_table_response": "**A. The age of Avi Katz is 61.**",
      "csv_string_response": "Avi Katz is 61 years old. John Capogrossi is 66 years old. Ravinder S. Girgla is 56 years old.",
      "json_rows_response": "The final answer is:"
    },
    {
      "id": "c5e66bb5c3a45464a6a9437d1d3b4584",
      "question": "Where can the remaining information required under Item 10 concerning the executive officers of Loral as of March 12, 2020 be found?",
      "gold_answer": [
        "The Company’s 2020 definitive proxy statement",
        "Form 10‐K"
      ],
      "markdown_table_response": "Item 10 of the Company’s 2020 proxy statement, incorporated by reference into this Annual Report on Form 10‐K, will contain the following information.",
      "csv_string_response": "The remaining information required under Item 10 concerning the executive officers of Loral as of March 12, 2020 can be found in the Company’s 2020 definitive proxy statement which is incorporated herein by reference or by amendment to this Annual Report on Form 10‐K.",
      "json_rows_response": "You can find the information in the Company’s 2020 definitive proxy statement, which is incorporated herein by reference or by amendment to this Annual Report on Form 10‐K."
    },
    {
      "id": "13bf5cc0046cb70f84b6a61518a691d3",
      "question": "What are the respective ages of the company's current Vice Presidents?",
      "gold_answer": [
        "66",
        "56"
      ],
      "markdown_table_response": "A. Avi Katz\nB. John Capogrossi\nC. Ravinder S. Girgla\nD. Not Applicable",
      "csv_string_response": "The ages of the company’s current Vice Presidents are as follows:",
      "json_rows_response": "A. 66\nB. 61\nC. 56\nD. 66"
    },
    {
      "id": "70e27b8a8a85da05bcaa081478be5e68",
      "question": "What is the average age of the company's executive officers?",
      "gold_answer": 61,
      "markdown_table_response": "John Capogrossi is the oldest of the three executive officers listed above.",
      "csv_string_response": "The average age of the company’s executive officers is 51 years.",
      "json_rows_response": "The average age of the company's executive officers is 61."
    },
    {
      "id": "6a37ffdabecf48f4fad76a3b07aa7981",
      "question": "Who is the oldest executive officer in the company?",
      "gold_answer": [
        "John Capogrossi"
      ],
      "markdown_table_response": "**Avi Katz**",
      "csv_string_response": "A. Ravinder S. Girgla\nB. John Capogrossi\nC. Avi Katz\nD. Ravinder S. Girgla",
      "json_rows_response": "Answer: Ravinder Girgla, age 56, is the oldest executive officer in the company."
    },
    {
      "id": "b598a5a43e877ca0ea2c7c821e1038a1",
      "question": "What is the average age of the company's Vice Presidents?",
      "gold_answer": 61,
      "markdown_table_response": "The average age of the company's Vice Presidents is 66 years.",
      "csv_string_response": "The average age of the company's Vice Presidents is 61.",
      "json_rows_response": "The average age of the company’s Vice Presidents is 66."
    },
    {
      "id": "15e4d550e10a33bb0402bebb5b791458",
      "question": "What was the total assets from AMER in 2018?",
      "gold_answer": [
        "645,791"
      ],
      "markdown_table_response": "Your answer:",
      "csv_string_response": "A. $645,791\nB. $751,990\nC. $958,744\nD. $932,642",
      "json_rows_response": "$645,791"
    },
    {
      "id": "46a8fd1168f1bcc3e19376c4ff900a75",
      "question": "What was the total assets from APAC in 2019?",
      "gold_answer": [
        "958,744"
      ],
      "markdown_table_response": "The total assets from APAC in 2019 was $935,981.",
      "csv_string_response": "The total assets from APAC in 2019 were $1,932,642.",
      "json_rows_response": "$745,791"
    },
    {
      "id": "d2b7bc9e9acf6d3d002ea610fcd94b2d",
      "question": "What was the total assets in 2018?",
      "gold_answer": [
        "1,932,642"
      ],
      "markdown_table_response": "The total assets for the Company in 2018 were $1,932,642.",
      "csv_string_response": "The total assets in 2018 was $1,932,642.",
      "json_rows_response": "You are looking for the total assets in the year 2018. You can use the information in the table above to answer this question. You can see that the total assets for 2018 are $645,791."
    },
    {
      "id": "ef919c08ed12587a2554c92cc4889944",
      "question": "How many years did total assets exceed $2,000,000 thousand?",
      "gold_answer": "1",
      "markdown_table_response": "$2,000,883",
      "csv_string_response": "You are a data analysis expert. Your task is to answer the user's question **based ONLY on the information provided in the table AND the accompanying text paragraphs below**. Do not use any external knowledge.",
      "json_rows_response": "The answer is 2018."
    },
    {
      "id": "70c55e39fabb49df3f4b9691eeebcd09",
      "question": "What was the change in the total assets from APAC between 2018 and 2019?",
      "gold_answer": 21234,
      "markdown_table_response": "The total assets for the APAC region decreased by $1,932,642 from $1,932,642 to $1,932,642 in fiscal 2019.",
      "csv_string_response": "$932,642",
      "json_rows_response": "The total assets of the APAC segment were $938,971 in September 28, 2019 and $936,256 in September 29, 2018."
    },
    {
      "id": "467031848d7d448173b9b7e412941197",
      "question": "What was the percentage change in the total assets from Corporate and eliminations between 2018 and 2019?",
      "gold_answer": -48.18,
      "markdown_table_response": "Corporate and eliminations\n|  | September 28,\n2019 | September 29,\n2018 |\n| --- | --- | --- |\n| $2,000,883 | $1,932,642 |",
      "csv_string_response": ",\"$2,000,883\",\"$1,932,642\"",
      "json_rows_response": "-0.32%"
    },
    {
      "id": "f1308165d026afa3f5c564a70de2a7eb",
      "question": "What are the two license agreements for the currently marketed products?",
      "gold_answer": [
        "the Oxaydo product containing the Aversion Technology has been licensed to Zyla",
        "the Nexafed products containing the Impede Technology which have been licensed to MainPointe."
      ],
      "markdown_table_response": "The license agreement for the Oxaydo product containing the Aversion Technology has been licensed to Zyla and the Nexafed products containing the Impede Technology which have been licensed to MainPointe.",
      "csv_string_response": "The two license agreements for currently marketed products are:",
      "json_rows_response": "Oxaydo and Nexafed"
    },
    {
      "id": "1a1686826d991480019617b394396bcd",
      "question": "When is revenue recognized?",
      "gold_answer": [
        "Revenue is recognized when, or as, performance obligations under terms of a contract are satisfied, which occurs when control of the promised service is transferred to a customer."
      ],
      "markdown_table_response": "The Company has not identified any performance obligations under the license and collaboration agreements. Accordingly, revenue is not recognized at the time of the license and collaboration agreements’ acquisition or at the time of the license and collaboration agreements’ fulfillment.",
      "csv_string_response": "As you can see, we did not use any external knowledge. We only used the data from the table to answer the question and we did not use any external knowledge. We also used the text accompanying the table to answer the question.",
      "json_rows_response": "The Company recognizes revenue as the license fees are earned. The license fees are recognized in the period in which the license is earned."
    },
    {
      "id": "0103b1e44ef0047d788e2cd47d5e7f8c",
      "question": "What are the two forms of revenue generated from contracts with customers?",
      "gold_answer": [
        "Sales-based Milestones and Royalty Revenues",
        "License and Collaboration Agreement Revenues"
      ],
      "markdown_table_response": "The two forms of revenue generated from contracts with customers are:",
      "csv_string_response": "The Company recognizes the sale of its products in the United States as revenue, the royalties from sales of its products in the United States as revenue, and the license fee of its option product as revenue. The license fee of its option product is recognized as revenue when the option product is exercised and any obligations on behalf of the Company, such as to transfer know-how, has been fulfilled.",
      "json_rows_response": "The Company has two license agreements for currently marketed products containing its technologies; the Oxaydo product containing the Aversion Technology has been licensed to Zyla and the Nexafed products containing the Impede Technology which have been licensed to MainPointe. On January 1, 2020, MainPointe assigned to AD Pharma, with Acura’s consent, all of its right, title and interest in the MainPointe Agreement between MainPointe and Acura. All of the Company’s royalty revenues are earned from these two license agreements by the licensee’s sale of products in the United States."
    },
    {
      "id": "be5db57a1ee3622b5a0b72053333be2a",
      "question": "What is the decrease in licensing revenue from Zyla (Oxaydo) from 2018 to 2019?",
      "gold_answer": 35,
      "markdown_table_response": "Total licensing revenue decreased from $386 thousand in 2018 to $351 thousand in 2019.",
      "csv_string_response": ",,$351,$386",
      "json_rows_response": "Revenue decreased by $0."
    },
    {
      "id": "deb6986a5dece7b6d06424b482d598b6",
      "question": "How much did the total licensing revenue decreased from 2018 to 2019?",
      "gold_answer": 38,
      "markdown_table_response": "$$ $250$$",
      "csv_string_response": ",,The total licensing revenue decreased from 2018 to 2019 by $550 thousand, as the Company had no contract assets and contract liability balances under the license and collaboration agreements at either December 31, 2019 or 2018.\n,,",
      "json_rows_response": "$0.00"
    },
    {
      "id": "6769cc0cee475e77d8eb292b9bdefd81",
      "question": "What percentage of the decrease in total revenue is from the loss in Zyla (Oxaydo)?",
      "gold_answer": 92.11,
      "markdown_table_response": "The percentage of the decrease in total revenue is determined by dividing the decrease in total revenue by the total revenue, which is $26 million. The percentage is $1.5 million or 48.6%.",
      "csv_string_response": "$351\n,,For the Year Ended\n,,\"December 31,\"\n,2019,2018\n,,(in thousands)\nZyla (Oxaydo),$351,$386\nMainPointe (Nexafed),21,24\nRoyalty revenues,372,$410\n,,Total Revenue Decrease of $351,000,000 from the Loss in Zyla (Oxaydo)\n,,(in thousands)\n,,As Reported in the Consolidated Statements of Operations\n,,\"December 31,\"\n,2019,2018\n,,(in thousands)\nZyla (Oxaydo),$351,$386\nMainPointe (Nexafed),21,24\nRoyalty revenues,372,$410\n,,Total Revenue Decrease of $351,000,000 from the Loss in Zyla (Oxaydo)\n,,(in thousands)\n,,As Reported in the Consolidated Statements of Operations\n,,\"December 31,\"\n,2019,2018\n,,(in thousands)\nZyla (Oxaydo),$351,$386\nMainPointe (Nexafed),21,24\nRoyalty revenues,372,$410",
      "json_rows_response": "The Company’s total revenue decreased $351 thousand in 2019, $386 thousand in 2018 and $410 thousand in 2017, due to the loss of Zyla and Nexafed sales. The loss of Zyla and Nexafed sales is primarily due to the loss of the sales of Zyla and Nexafed products, respectively, in Zyla’s and Nexafed’s current geographic markets. The Company’s total revenue decreased $1.3 million in 2019, $1.4 million in 2018 and $1.5 million in 2017, due to the loss of Zyla and Nexafed sales. The loss of Zyla and Nexafed sales is primarily due to the loss of the sales of Zyla and Nexafed products, respectively, in Zyla’s and Nexafed’s current geographic markets."
    },
    {
      "id": "8920cf2daa5d9c7ad0c951a9278e89be",
      "question": "Which years does the table provide information for the related party items included in Revenues?",
      "gold_answer": [
        "2019",
        "2018",
        "2017"
      ],
      "markdown_table_response": "**Year ended December 31, 2019**",
      "csv_string_response": "The table provides information for the years ending December 31, 2018, 2017, and 2016.",
      "json_rows_response": "**The table provided information for the related party items included in Revenues for the years**"
    },
    {
      "id": "b61dee37148951299cb73427e1e23dbd",
      "question": "What were the software services in 2019?",
      "gold_answer": [
        "40.2"
      ],
      "markdown_table_response": "Software services in 2019 were $40.2 million.",
      "csv_string_response": "**Software services** in 2019 were $40.2 million.",
      "json_rows_response": "**I need your help.**\nBased on the table data provided, what were the software services in 2019?"
    },
    {
      "id": "513e7f501d42e3bc7870446d8a24dbd1",
      "question": "What were the data and analytic services in 2017?",
      "gold_answer": [
        "24.0"
      ],
      "markdown_table_response": "What were the data and analytic services in 2017?",
      "csv_string_response": ",Data and analytic services, $19.3",
      "json_rows_response": "**$32.8**"
    },
    {
      "id": "69cd1d0d58cd57f71468c04c3c22d6ad",
      "question": "What was the change in software services between 2017 and 2018?",
      "gold_answer": 3.1,
      "markdown_table_response": "**Software services**",
      "csv_string_response": "Software services increased $2.2 in 2018.",
      "json_rows_response": "Change in software services between 2017 and 2018 was $56.8."
    },
    {
      "id": "81b881cc0662b96e845a4c22ea8a9a94",
      "question": "What was the change in data and analytic services between 2017 and 2019?",
      "gold_answer": -4.7,
      "markdown_table_response": "**Change in data and analytic services** was $19.3 million for the year ended December 31, 2018 and $21.7 million for the year ended December 31, 2019.",
      "csv_string_response": ",,\"Year ended December 31,\",\n,2019 (1),2018,2017\nSoftware services,$55.3,$48.2,$47.9\nData and analytics services,19.5,21.2,24.4\nTotal related party revenues,$69.4,$66.7,$68.1",
      "json_rows_response": "The answer is:"
    },
    {
      "id": "bf36dcf35c05932cbf0cad1e27d03fb9",
      "question": "What was the percentage change in total related party revenues between 2018 and 2019?",
      "gold_answer": 3.3,
      "markdown_table_response": "|  |  | Year ended December 31, |  |\n| --- | --- | --- | --- |\n|  | 2019 (1) | 2018 | 2017 |\n| Software services | +0.3% | +4.6% | +3.8% |\n| Data and analytics services | -4.7% | -5.4% | -8.6% |\n| Total related party revenues | +3.6% | +3.3% | +3.3% |",
      "csv_string_response": "The percentage change in total related party revenues between 2018 and 2019 is -10.2%.",
      "json_rows_response": "**89.7%**"
    },
    {
      "id": "72a0d957bd35bb20239aa14da1df1ba3",
      "question": "What does the table show?",
      "gold_answer": [
        "As of December 31, 2019 and 2018, loans payable"
      ],
      "markdown_table_response": "|  | 2019 | 2018 |\n| --- | --- | --- |\n| Business loan agreement dated March 14, 2014 | - | 7 |\n| Business loan agreement dated April 9, 2014 | - | 19 |\n| Equipment notes payable | 88 | 241 |\n| Subtotal | 88 | 267 |\n| Less: Current position | (88) | (179) |\n| Long-term position | - | $88 |",
      "csv_string_response": "The table shows that Plan B's principal balance on its business loan agreement, which was due to mature on March 14, 2019, was $131, and the principal balance on its business loan agreement, which was due to mature on April 9, 2019, was $250.",
      "json_rows_response": "7. $131 was used to purchase a pile driver and related equipment."
    },
    {
      "id": "eb46814535612c3158c2c31898edf0d3",
      "question": "What is the principal amount for the loan agreement for the acquisition of an excavator on November  2016?",
      "gold_answer": [
        "$59"
      ],
      "markdown_table_response": "The loan agreement for the acquisition of an excavator on November  2016 had a principal amount of $59.",
      "csv_string_response": "17",
      "json_rows_response": "The principal amount for the loan agreement for the acquisition of an excavator on November  2016 is $59."
    },
    {
      "id": "c4f432b6a82fc554d747683f1631b2f7",
      "question": "What is the long term position loans payable for 2018?",
      "gold_answer": [
        "$88"
      ],
      "markdown_table_response": "Long term position loans payable for 2018 are $88.",
      "csv_string_response": "A: Long term position $100",
      "json_rows_response": "Long-term position: $287"
    },
    {
      "id": "f0e1f19b4d1b7571fec5e3925ecea90b",
      "question": "What is the percentage change in the equipment notes payable from 2018 to 2019?",
      "gold_answer": -63.49,
      "markdown_table_response": "The percentage change in the equipment notes payable from 2018 to 2019 is 40%.",
      "csv_string_response": ",19",
      "json_rows_response": "-4.93%"
    },
    {
      "id": "a8579d97227b31b023e5a75aba01a165",
      "question": "What is the percentage change in the subtotal loans payable from 2018 to 2019?",
      "gold_answer": -67.04,
      "markdown_table_response": "The percentage change in the subtotal loans payable from 2018 to 2019 is $-5.4%.",
      "csv_string_response": "-9.28%",
      "json_rows_response": "(2/3)"
    },
    {
      "id": "f8f0fae22073b1e12e2205f1bc6aa4d3",
      "question": "What is the percentage of loan for the acquisition of an excavator that is outstanding?",
      "gold_answer": 22.03,
      "markdown_table_response": "The loan agreement for the acquisition of an excavator is $59. The outstanding balance is $35 as of December 31, 2019.",
      "csv_string_response": ",7.0",
      "json_rows_response": "88.4%"
    },
    {
      "id": "f49b6dab26d961e1c08e87ede7df7a2c",
      "question": "In which year is the equipment notes payable higher?",
      "gold_answer": [
        "2018"
      ],
      "markdown_table_response": "The equipment notes payable is higher in 2019 than in 2018.",
      "csv_string_response": ",2019,2018\n\"The notes payable are higher in 2019\",-,4",
      "json_rows_response": "The equipment notes payable increased in 2019."
    },
    {
      "id": "e58ac35e5464b384d30262b3679533c1",
      "question": "What does shareholder distributions - dividends in the table represent?",
      "gold_answer": [
        "Represents dividends paid in each financial year"
      ],
      "markdown_table_response": "The following table shows the answer to the question.",
      "csv_string_response": "Shareholder distributions - dividends in the table represent:",
      "json_rows_response": "Percentage change in total employee costs"
    },
    {
      "id": "985e3306cb2075bc0807db442ac8e23a",
      "question": "What does total employee expenditure in the table include?",
      "gold_answer": [
        "wages and salaries, social security costs, pension and other costs and share-based payments, see note 10 of the Financial Statements"
      ],
      "markdown_table_response": "For the question above, the final answer is:",
      "csv_string_response": "The final answer is that total employee expenditure in FY19 included:",
      "json_rows_response": "The final answer is that the table includes both the total employee expenditure and the dividend paid to shareholders. The table shows that the percentage change in total employee costs was 2%, while the percentage change in distributions to shareholders was 10%."
    },
    {
      "id": "b64c7610a65ea177334fffb0d11ef1a0",
      "question": "What are the components in the table during the analysis of the relative importance of spend on pay?",
      "gold_answer": [
        "Shareholder distributions – dividends",
        "Total employee expenditure"
      ],
      "markdown_table_response": "The final answer should be the sum of the components in the table.",
      "csv_string_response": "Dividends are the largest component in the analysis of the relative importance of spend on pay.",
      "json_rows_response": "[\n  {\n    \"\": \"\",\n    \"FY19\": \"$M\",\n    \"FY18\": \"$M\",\n    \"Change\": \"%\"\n  },\n  {\n    \"\": \"Shareholder distributions – dividends1\",\n    \"FY19\": \"23.9\",\n    \"FY18\": \"21.8\",\n    \"Change\": \"10%\"\n  },\n  {\n    \"\": \"Total employee expenditure2\",\n    \"FY19\": \"370.1\",\n    \"FY18\": \"361.9\",\n    \"Change\": \"2%\"\n  }\n]"
    },
    {
      "id": "cee6f2467fa5bd0aece4ec15ca46bcf3",
      "question": "In which year was Total employee expenditure larger?",
      "gold_answer": [
        "FY19"
      ],
      "markdown_table_response": "**$M**",
      "csv_string_response": "**FY19**",
      "json_rows_response": "**FY19**"
    },
    {
      "id": "52feae4a2a95764370ca69097e651763",
      "question": "What was the change in the Shareholder distributions – dividends in 2019 from 2018?",
      "gold_answer": 2.1,
      "markdown_table_response": "$10%",
      "csv_string_response": ",17.7,17.6",
      "json_rows_response": "[\n  {\n    \"\": \"Shareholder distributions – dividends\",\n    \"FY19\": \"$M\",\n    \"FY18\": \"$M\",\n    \"Change\": \"%\"\n  },\n  {\n    \"\": \"Total employee expenditure\",\n    \"FY19\": \"370.1\",\n    \"FY18\": \"361.9\",\n    \"Change\": \"2%\"\n  }\n]"
    },
    {
      "id": "7f5203a09a509ad96e94ca5d3d7cb647",
      "question": "What was the average total employee expenditure across 2018 and 2019?",
      "gold_answer": 366,
      "markdown_table_response": "The answer is $370.1M",
      "csv_string_response": "(Note: You may have to read the text to answer this question correctly.)\nThe average total employee expenditure in 2019 was $366.1 million.",
      "json_rows_response": "$M"
    },
    {
      "id": "ac543087b7cc0bc8ab7cc531f117e33f",
      "question": "What are the respective APRU from on-net in 2017 and 2018 respectively?",
      "gold_answer": [
        "$ 506",
        "$ 480"
      ],
      "markdown_table_response": "The answer is:",
      "csv_string_response": ",2018,2017,Change\n,\n,\n,\n,\n,\n,",
      "json_rows_response": "Based on the information provided in the table, the user's answer is [1.6]%"
    },
    {
      "id": "8a190f8f51d10d291221aa2841e6ab80",
      "question": "What are the respective APRU from off-net in 2017 and 2018 respectively?",
      "gold_answer": [
        "$ 1,239",
        "$ 1,155"
      ],
      "markdown_table_response": "The following table is the answer to the user's question.",
      "csv_string_response": ",2018,2017,Change\nOther Operating Data,,,\nAverage Revenue Per Unit (ARPU),,,\nARPU—on-net,$ 480,$ 506,(5.1)%\nARPU—off-net,\"$ 1,155\",\"$ 1,239\",(6.8)%\nAverage price per megabit,$ 0.82,$ 1.11,(25.9)%\nCustomer Connections—end of period,,,\nOn-net,\"68,770\",\"61,334\",12.1%\nOff-net,\"10,974\",\"9,953\",10.3%",
      "json_rows_response": "The final answer is based on the information provided in the table, and the accompanying text."
    },
    {
      "id": "0bccf51ce0d090a18e15b433e828cd2d",
      "question": "What are the respective average price per megabit in 2017 and 2018 respectively?",
      "gold_answer": [
        "$ 1.11",
        "$ 0.82"
      ],
      "markdown_table_response": "| Year Ended December 31, 2018 Compared to Year Ended December 31, 2017 |\n| --- |\n| Average price per megabit in 2018 | $ 1.11 |\n| Average price per megabit in 2017 | $ 0.82 |",
      "csv_string_response": "Average price per megabit in 2017 was $0.82 and in 2018 was $1.11.",
      "json_rows_response": "Average price per megabit in 2017 and 2018 is $0.82 and $0.82 respectively."
    },
    {
      "id": "04f4e45ef380b524aa829205ba34e3f6",
      "question": "What is the percentage change in on-net APRU between 2017 and 2018? ",
      "gold_answer": -5.14,
      "markdown_table_response": "|  |  |\n---|---|---|---\n  |  |  |\n  |  |  |\n  |  |  |\n  |  |  |",
      "csv_string_response": "$3.12",
      "json_rows_response": "(5.1)%"
    },
    {
      "id": "a91f446212a41e5cd7d9e4eb3201408b",
      "question": "What is the percentage change in off-net APRU between 2017 and 2018? ",
      "gold_answer": -6.78,
      "markdown_table_response": "The answer is 5.1 percent.",
      "csv_string_response": "The final answer is based on the information provided in the table and the accompanying text.",
      "json_rows_response": "Change is 5.1%. Year Ended December 31, 2018 Compared to the Year Ended December 31, 2017"
    },
    {
      "id": "ecf8c64874e490a53fb6a23cb7278288",
      "question": "What is the percentage change in the number of on-net customer connections between 2017 and 2018?",
      "gold_answer": 12.12,
      "markdown_table_response": "**Hint:** The answer is based on the information in the table and the accompanying text paragraphs.",
      "csv_string_response": "The percentage change is 12.1%",
      "json_rows_response": "**Change in the number of on-net customer connections**\n**Year Ended December 31, 2018 Compared to Year Ended December 31, 2017**"
    },
    {
      "id": "fbd47d373468c835a9bb365074af8b19",
      "question": "What is the % change in the capital intensity ratio for BCE?",
      "gold_answer": [
        "0.3 pts"
      ],
      "markdown_table_response": "The capital intensity ratio is the percentage of capital expenditures spent on new investments in the year compared to total capital expenditures for the year.",
      "csv_string_response": "BCE capital intensity ratio increased by 0.3 pts in 2019, compared to 2018.",
      "json_rows_response": "The % change in the capital intensity ratio for BCE is 0.3 pts."
    },
    {
      "id": "0c4933d6d73026639d14e0fc537dfe77",
      "question": "What led to lower capital expenditures at Bell Media in 2019?",
      "gold_answer": [
        "production equipment and IT upgrades in 2018"
      ],
      "markdown_table_response": "**A) Lower capital expenditures at Bell Media in 2019, compared to 2018, mainly due to production equipment and IT upgrades in 2018**.",
      "csv_string_response": "BCE capital expenditures totaled $3,988  million for the year, up $17 million over 2018. This corresponded to a capital intensity ratio of 16.6%, down 0.3 pts compared to last year. Capital spending in the year reflected the following:\n• Greater capital investments in our wireless segment of $33 million in 2019, compared to 2018, as we advanced the build-out of our LTE-A network, continued to deploy wireless small-cells to expand capacity to support subscriber growth and increase network speeds, coverage and signal quality, as well as to expand data fibre backhaul in preparation for 5G technology\n• A modest reduction in capital spending in our wireline segment of $10 million in 2019, compared to last year, as we continued to focus our investments on the ongoing deployment of FTTP to more homes and businesses, the roll-out of fixed WTTP to rural locations in Ontario and Québec, the connection of fibre Internet and TV services to more homes and businesses and the execution of business customer contracts\n• Lower capital expenditures at Bell Media of $6 million in 2019, compared to 2018, mainly due to production equipment and IT upgrades in 2018",
      "json_rows_response": "BCE: $6 million"
    },
    {
      "id": "8bdf0f0c7b8aa3fa4900237d69724073",
      "question": "What is the $ change in the capital expenditures for Bell Wireless?",
      "gold_answer": [
        "(33)"
      ],
      "markdown_table_response": "The final answer for this task is $33 million.",
      "csv_string_response": "The capital expenditures for Bell Wireless increased by $33 million in 2019, compared to the prior year.",
      "json_rows_response": "$33 million"
    },
    {
      "id": "be06911753ebf96023d938230368269e",
      "question": "Which segment has the largest % change in capital intensity ratio?",
      "gold_answer": [
        "Bell Media"
      ],
      "markdown_table_response": "|  | 2019 | 2018 | $ CHANGE | % CHANGE |\n| --- | --- | --- | --- | --- |\n| Bell Wireless | 7.6% | 7.5% |  | (0.1) pts |\n| Bell Wireline | 25.8% | 26.0% |  | 0.2 pts |",
      "csv_string_response": "Bell Wireless, 16.6%",
      "json_rows_response": "[\n  {\n    \"\": \"Bell Wireless\",\n    \"2019\": \"697\",\n    \"2018\": \"664\",\n    \"$ CHANGE\": \"(33)\",\n    \"% CHANGE\": \"(5.0%)\"\n  },\n  {\n    \"\": \"Capital intensity ratio\",\n    \"2019\": \"7.6%\",\n    \"2018\": \"7.5%\",\n    \"$ CHANGE\": \"\",\n    \"% CHANGE\": \"(0.1) pts\"\n  },\n  {\n    \"\": \"Bell Wireline\",\n    \"2019\": \"3,183\",\n    \"2018\": \"3,193\",\n    \"$ CHANGE\": \"10\",\n    \"% CHANGE\": \"0.3%\"\n  },\n  {\n    \"\": \"Capital intensity ratio\",\n    \"2019\": \"25.8%\",\n    \"2018\": \"26.0%\",\n    \"$ CHANGE\": \"\",\n    \"% CHANGE\": \"0.2 pts\"\n  },\n  {\n    \"\": \"Bell Media\",\n    \"2019\": \"108\",\n    \""
    },
    {
      "id": "17c4ef662bc1e43b05e08b85d70594f5",
      "question": "What are the capital expenditures for Bell Media in 2018 and 2019?",
      "gold_answer": 222,
      "markdown_table_response": "BCE capital expenditures totaled $6 million for the year, down $6 million compared to 2018. This corresponded to a capital intensity ratio of 0.3%, down 0.1 pts compared to last year. Capital spending in the year reflected the following:\n• Greater capital investments in our wireless segment of $33 million in 2019, compared to 2018, as we advanced the build-out of our LTE-A network, continued to deploy wireless small-cells to expand capacity to support subscriber growth and increase network speeds, coverage and signal quality, as well as to expand data fibre backhaul in preparation for 5G technology\n• A modest reduction in capital spending in our wireline segment of $10 million in 2019, compared to last year, as we continued to focus our investments on the ongoing deployment of FTTP to more homes and businesses, the roll-out of fixed WTTP to rural locations in Ontario and Québec, the connection of fibre Internet and TV services to more homes and businesses and the execution of business customer contracts\n• Lower capital expenditures at Bell Media of $6 million in 2019, compared to 2018, mainly due to production equipment and IT upgrades in 2018",
      "csv_string_response": "BCE $3,988  million in 2019, compared to $3,988  million in 2018.",
      "json_rows_response": "Capital expenditures for Bell Media in 2018 and 2019 are $6 million and $33 million, respectively."
    },
    {
      "id": "ade6d7ae1bb6ec9be72d2adb7405213a",
      "question": "What is the percentage of capital expenditures for Bell Wireline out of the BCE capital expenditures in 2019?",
      "gold_answer": 79.81,
      "markdown_table_response": "At 16.6%, the percentage of capital expenditures for Bell Wireline out of the BCE capital expenditures in 2019 is 0.3%",
      "csv_string_response": "The percentage of capital expenditures for Bell Wireline out of the BCE capital expenditures in 2019 is 5.3%.",
      "json_rows_response": "**The correct answer is** : **25.8%**"
    },
    {
      "id": "4486b715a52e3d545a06714e47d75a7b",
      "question": "What are the respective goodwill at 2018 and 2019?",
      "gold_answer": [
        "$ 3,178",
        "$ 3,178"
      ],
      "markdown_table_response": "The total goodwill associated with Golden Ridge Rice Mills, Inc. at the acquisition date was $3,178,000.",
      "csv_string_response": "The goodwill for the 2018 fiscal year is $3,178 and for the 2019 fiscal year is $3,178.",
      "json_rows_response": "The respective goodwill at 2018 and 2019 is $3,178 and $3,178."
    },
    {
      "id": "4afee898106225fbf895b6877d2c8a39",
      "question": "What are the respective Net recognized amounts of identifiable assets acquired and liabilities assumed at 2018 and 2019?",
      "gold_answer": [
        "4,195",
        "4,779"
      ],
      "markdown_table_response": "The total fair value of consideration transferred of $7,957,000 is recorded in the consolidated balance sheet as of December 31, 2019.",
      "csv_string_response": "Net recognized amounts of identifiable assets acquired at 2018 and 2019 were as follows:",
      "json_rows_response": "The $4,779,778 balance represents the Net recognized amount of identifiable assets acquired and liabilities assumed at 2018 and 2019."
    },
    {
      "id": "2885241deeec0bdf705b63f9482407aa",
      "question": "What are the respective equipment notes payable at 2018 and 2019?",
      "gold_answer": [
        "99",
        "93"
      ],
      "markdown_table_response": "The equipment note payable at 2018 is $62,000. The equipment note payable at 2019 is $93,000.",
      "csv_string_response": "The equipment notes payable at 2018 are $609 and at 2019 are $594.",
      "json_rows_response": "[\n  {\n    \"\": \"2018\",\n    \"Estimated at Acquisition and as of December 31, 2018\": \"99\",\n    \"Adjustments\": \"6\",\n    \"Final as of December 31, 2019\": \"93\"\n  },\n  {\n    \"\": \"2019\",\n    \"Estimated at Acquisition and as of December 31, 2018\": \"11\",\n    \"Adjustments\": \"6\",\n    \"Final as of December 31, 2019\": \"11\"\n  }\n]"
    },
    {
      "id": "040780038bc919431b003eb107daf8f8",
      "question": "What is the percentage change in goodwill between 2018 and 2019?",
      "gold_answer": 0,
      "markdown_table_response": "The goodwill related to Golden Ridge Rice Mills, LLC was $3,178 as of December 31, 2019.",
      "csv_string_response": "(1)",
      "json_rows_response": "The percentage change in goodwill between 2018 and 2019 was $3,178."
    },
    {
      "id": "647fcf75a45e4b25b4813595d50d5641",
      "question": "What is the percentage change in Net recognized amounts of identifiable assets acquired and liabilities assumed between 2018 and 2019?",
      "gold_answer": 13.92,
      "markdown_table_response": "The percentage change in Net recognized amounts of identifiable assets acquired and liabilities assumed between 2018 and 2019 was $4,776,000, which is an increase of $4,175,000 or 8.8% from the $4,195,000 as of December 31, 2018.",
      "csv_string_response": "",
      "json_rows_response": "The percentage change in Net recognized amounts of identifiable assets acquired and liabilities assumed is $0.1 million, which is a $0.1 million increase in 2018 and a $0.1 million decrease in 2019."
    },
    {
      "id": "41c1741702657b1d44e70637d20c7361",
      "question": "What is the percentage change in equipment notes payable between 2018 and 2019?",
      "gold_answer": -6.06,
      "markdown_table_response": "The percentage change is $0.8 million.",
      "csv_string_response": "You are given a data set, the following table, and a description of the tasks to be completed. You are to answer the user's question **based ONLY on the information provided in the table AND the accompanying text paragraphs below**. Do not use any external knowledge.",
      "json_rows_response": "In 2018, the equipment notes payable increased by $6 million compared to 2017. This increase was primarily due to the increase in the estimated carrying amount of $1.6 million in equipment notes payable in 2018 compared to $0.9 million in 2017. The increase in the carrying amount was primarily due to the addition of a new oven, which increased the estimated useful life of the oven and increased the total estimated cost of the oven."
    },
    {
      "id": "9e3547e9fa6ea1ebd5e33d4cc13cd494",
      "question": "When are trade payables paid?",
      "gold_answer": [
        "within 30 days of recognition."
      ],
      "markdown_table_response": "|  | 2019 | 2018 |\n| --- | --- | --- |\n|  | $'000 | $'000 |\n| Trade payables are paid when the balance is due. | 3,486 | 4,184 |\n| Other payables are paid when the amount falls due. | 6,157 | 4,161 |",
      "csv_string_response": "**13.1. Trade payables will be paid when:**",
      "json_rows_response": "Accrued expenses are paid when amounts fall due."
    },
    {
      "id": "3a4948ba5a728af11df0f79381cb1b37",
      "question": "When are Other payables and accruals paid?",
      "gold_answer": [
        "when amounts fall due"
      ],
      "markdown_table_response": "|  | 2019 | 2018 |\n| --- | --- | --- |\n|  | $'000 | $'000 |\n|  |  |  |\n|  | 3,486 | 4,184 |\n|  | 6,157 | 4,161 |\n|  |  |  |\n|  | 18,993 | 12,318 |",
      "csv_string_response": "9.4. Trade and other payables\nTrade payables are unsecured and are usually paid within 30 days of recognition. Other payables and accruals are paid when amounts fall due. The carrying amounts of trade and other payables are assumed to be the same as their fair values, due to their short-term nature.",
      "json_rows_response": "Other payables are paid within 30 days of recognition."
    },
    {
      "id": "9123da58f13c1c8bef77a49ea2a56b65",
      "question": "What is the value of trade payables in 2019?",
      "gold_answer": [
        "3,486"
      ],
      "markdown_table_response": "$18,993",
      "csv_string_response": "\\begin{equation}\\label{Answer:trade}\n    \\text{Value of trade payables} = \\text{Trade payables in 2019} + \\text{Other payables in 2019}\n\\end{equation}",
      "json_rows_response": "1,450,000"
    },
    {
      "id": "ce838d2c3887ab922bbdff374a871455",
      "question": "What is the change in Trade payables from 2018 to 2019?",
      "gold_answer": -698,
      "markdown_table_response": "| 2019 | 2018 |\n| --- | --- |\n| $'000 | $'000 |",
      "csv_string_response": "The change in Trade payables is +$6.7 million (in 2019 dollars) from 2018 to 2019.",
      "json_rows_response": "**$1,227**"
    },
    {
      "id": "4bf4b701fb78e143af873bee710a571a",
      "question": "What is the change in Accrued expenses from 2018 to 2019?",
      "gold_answer": 3989,
      "markdown_table_response": "$1,764",
      "csv_string_response": "\"Accrued expenses\" is $4,184 in 2018 and $2,717 in 2019.",
      "json_rows_response": "**Accrued expenses**\n| **2018** | **2019** | **Change** |\n|---------|---------|-----------|\n| 6,706 | 2,644 |  -3,486 |"
    },
    {
      "id": "0caaf40358445f815a858c6b3be6e906",
      "question": "What is the change in GST and employment taxes payable from 2018 to 2019?",
      "gold_answer": 1388,
      "markdown_table_response": "$2,644",
      "csv_string_response": "The change in GST and employment taxes payable is $1,256.",
      "json_rows_response": "The change in GST and employment taxes payable from 2018 to 2019 is:\n$'000"
    },
    {
      "id": "c8495e802204f9dedbf0be6a56b8cc5f",
      "question": "How is the basic net income per share computed?",
      "gold_answer": [
        "by dividing net income by the weighted-average number of common shares outstanding during the period"
      ],
      "markdown_table_response": "Basic net income per share is computed by dividing net income by the weighted-average number of common shares outstanding during the period. Diluted net income per share is computed using the treasury stock method, for dilutive stock options, restricted stock units, and convertible notes.\nThe following table reconciles the numerators and denominators of the basic and diluted computations for net income per share.\n(1) Diluted shares outstanding do not include any effect resulting from note hedges associated with the Company’s 2018 Notes as their impact would have been anti-dilutive.",
      "csv_string_response": "Basic net income per share is computed by dividing net income by the weighted-average number of common shares outstanding during the period. Diluted net income per share is computed using the treasury stock method, for dilutive stock options, restricted stock units, and convertible notes.",
      "json_rows_response": "Basic net income per share is computed by dividing net income by the weighted-average number of common shares outstanding during the period. Diluted net income per share is computed using the treasury stock method, for dilutive stock options, restricted stock units, and convertible notes.\nThe following table reconciles the numerators and denominators of the basic and diluted computations for net income per share.\n(1) Diluted shares outstanding do not include any effect resulting from note hedges associated with the Company’s 2018 Notes as their impact would have been anti-dilutive."
    },
    {
      "id": "64e6c4e04d08bcbebeedbaa8f786f79b",
      "question": "How is the diluted net income per share computed?",
      "gold_answer": [
        "using the treasury stock method, for dilutive stock options, restricted stock units, and convertible notes"
      ],
      "markdown_table_response": "Net income per share is computed by dividing net income by the weighted-average number of common shares outstanding during the period. Diluted net income per share is computed using the treasury stock method, for dilutive stock options, restricted stock units, and convertible notes.",
      "csv_string_response": "Basic net income per share is computed by dividing net income by the weighted-average number of common shares outstanding during the period. Diluted net income per share is computed using the treasury stock method, for dilutive stock options, restricted stock units, and convertible notes.",
      "json_rows_response": "Basic net income per share is computed by dividing net income by the weighted-average number of common shares outstanding during the period. Diluted net income per share is computed using the treasury stock method, for dilutive stock options, restricted stock units, and convertible notes."
    },
    {
      "id": "9f67dbdc96424ecfce219dcf76be991a",
      "question": "What do the diluted shares outstanding not include?",
      "gold_answer": [
        "any effect resulting from note hedges associated with the Company’s 2018 Notes as their impact would have been anti-dilutive"
      ],
      "markdown_table_response": "The user has provided the information to answer this question, but the answer requires information that is not provided.",
      "csv_string_response": "Income per share is not a meaningful metric when the denominator is less than the numerator.",
      "json_rows_response": "**The net income per share of $15.47 is computed by dividing the net income by the weighted-average number of common shares outstanding for the period.**"
    },
    {
      "id": "654817e4e8755bc7c2059eaac4935247",
      "question": "What is the percentage change in the net income from 2018 to 2019?",
      "gold_answer": -7.95,
      "markdown_table_response": "|  |  | YearEnded |  |\n| --- | --- | --- | --- |\n|  | June 30, 2019 | June 24, 2018 | June 25, 2017 |\n|  |  | (in thousands, except per share data) |  |\n| Percentage change in net income from 2018 to 2019 |  |  |  |\n| Net income | $2,191,430 | $2,380,681 | $1,697,763 |\n| Net income per share | $14.37 | $14.73 | $10.47 |",
      "csv_string_response": "Diluted net income per share from 2018 to 2019 is $13.17.",
      "json_rows_response": "The percentage change in the net income from 2018 to 2019 is -5.9%."
    },
    {
      "id": "abc0eb38cdb7cf5299467e8d1bbd2347",
      "question": "What is the percentage change in the convertible notes from 2018 to 2019?",
      "gold_answer": -54.23,
      "markdown_table_response": "|  | YearEnded |  |\n| --- | --- | --- |\n|  | June 30, 2019 | June 24, 2018 | June 25, 2017 |\n|  |  | (in thousands, except per share data) |  |\n| Numerator: |  |  |  |\n| Net income | $2,191,430 | $2,380,681 | $1,697,763 |\n| Denominator: |  |  |  |\n| Basic average shares outstanding | 152,478 | 161,643 | 162,222 |\n| Diluted average shares outstanding | 159,915 | 180,782 | 183,770 |\n| Percentage change | +0.5% | +2.4% | +2.7% |",
      "csv_string_response": "Calculate the percentage change in the convertible notes from 2018 to 2019.",
      "json_rows_response": "**% Change in the Convertible Notes**"
    },
    {
      "id": "6ad0bde371cfef66faf1970bb0c767cd",
      "question": "In which year is the Diluted average shares outstanding is the highest?",
      "gold_answer": [
        "2017"
      ],
      "markdown_table_response": "YearEnded June 30, 2019",
      "csv_string_response": ",2018",
      "json_rows_response": "2017"
    },
    {
      "id": "e152392e929647248d77b6d3bf9f285b",
      "question": "Which foreign jurisdictions had the greatest effect on the provision for income taxes?",
      "gold_answer": [
        "China",
        "Mexico"
      ],
      "markdown_table_response": "Answer:",
      "csv_string_response": "China and Mexico.",
      "json_rows_response": "Fiscal Year Ended March 31, 2018"
    },
    {
      "id": "73cebb2620f32179ef0899312db1bb4a",
      "question": "What was the combined provision for income taxes for China and Mexico in 2019?",
      "gold_answer": [
        "5.7"
      ],
      "markdown_table_response": "$5,738",
      "csv_string_response": "The total provision for income taxes for China and Mexico for fiscal years ended 2019, 2018, and 2017 is $5.7 million, $3.8 million, and $3.1 million, respectively.",
      "json_rows_response": "[\n  {\n    \"\": \"0.0\",\n    \"Fiscal Years Ended March 31,\": \"0.0\"\n  }\n]"
    },
    {
      "id": "0341f57cf1bb586e4f9a229faeeba921",
      "question": "What was the Change in foreign operations tax exposure reserves in 2019?",
      "gold_answer": [
        "132"
      ],
      "markdown_table_response": "1,000,000",
      "csv_string_response": "The change in foreign operations tax exposure reserves in 2019 was $132 million.",
      "json_rows_response": "The final answer is the same as the partial answer."
    },
    {
      "id": "5108c8d463a13aeb0b5aaa52df89841d",
      "question": "What was the change in the Amount computed using the statutory rate between 2018 and 2019?",
      "gold_answer": -23371,
      "markdown_table_response": "$35,791",
      "csv_string_response": "The change in the Amount computed using the statutory rate between 2018 and 2019 is $2.5 million.",
      "json_rows_response": "The change in the Amount computed using the statutory rate between 2018 and 2019 is a net benefit of $0.8 million."
    },
    {
      "id": "22869fbea2bc86a141760ce9a81655b7",
      "question": "What was the change in the Effect of prior year adjustments between 2017 and 2019?",
      "gold_answer": 661,
      "markdown_table_response": "The change in the U.S. statutory rate from 35% to 21% had no impact on the provision for income taxes. The statutory tax rates for China and Mexico are 25% and 30%, respectively. The foreign jurisdictions having the greatest effect on the provision for income taxes are China and Mexico. The provision for income taxes for China and Mexico is $5.7 million, $3.8 million, and $3.1 million, respectively.",
      "csv_string_response": "The effect of prior year adjustments between fiscal years ended March 31, 2017 and 2019 is $1.5 million, which is recorded as a difference due to tax law changes.",
      "json_rows_response": "The change in the effect of prior year adjustments between 2017 and 2019 is a benefit of $1.5 million."
    },
    {
      "id": "90171f039b2b0af836e5594a59a87061",
      "question": "What was the percentage change in Provision for income tax expense (benefit) between 2017 and 2018?",
      "gold_answer": 112.67,
      "markdown_table_response": "Percentage change in Provision for income tax expense (benefit) between 2017 and 2018 is $(39,460) / $9,132 = 44.45%.",
      "csv_string_response": "3.5%",
      "json_rows_response": "(1) $1.7 million\n(2) $2.0 million\n(3) $0.2 million\n(4) $3.6 million\n(5) $3.0 million\n(6) $2.4 million"
    },
    {
      "id": "742a43606bc33b39bf3ba7861d3c34a0",
      "question": "What is the number of shares to be increased under the shareholders approved amendment?",
      "gold_answer": [
        "2,000,000"
      ],
      "markdown_table_response": "The number of shares to be increased under the shareholders approved amendment is 4,650,000 shares.",
      "csv_string_response": "2,000,000",
      "json_rows_response": "The number of shares to be increased under the shareholders approved amendment is 4,650,000."
    },
    {
      "id": "bb8c947816eccb0bce89213be8cf8bfe",
      "question": "What is the authorized common stock for issuance under the plan?",
      "gold_answer": [
        "4,650,000"
      ],
      "markdown_table_response": "**R** is the answer. The authorized common stock for issuance under the Plan is 4,650,000 shares.",
      "csv_string_response": "\"Fair Value of RSAs\" is $ 9.87.\n\"Fair Value of PSAs\" is $ 12.45.",
      "json_rows_response": "$23.27"
    },
    {
      "id": "cae49496d2fc55436a2bb9d00df5dcec",
      "question": "What were the RSAs granted in 2019?",
      "gold_answer": [
        "551,214"
      ],
      "markdown_table_response": "The RSAs granted in 2019 were $9.87.",
      "csv_string_response": ",,,\"Year Ended December 31\",,,,\nRSAs Granted,18.00,",
      "json_rows_response": "$23.27"
    },
    {
      "id": "c2746b2e498e36636da880a03002c652",
      "question": "What was the increase / (decrease) in the RSAs granted from 2018 to 2019?",
      "gold_answer": 73004,
      "markdown_table_response": "The increase / (decrease) in the RSAs granted from 2018 to 2019 was $3,900,000.",
      "csv_string_response": ",,,\"Year Ended December 31,\",,,\n2019,Grant Date Fair Value,2018,Grant Date Fair Value,2017,Grant Date Fair Value\nRSAs Granted,\"1,430,000\",$ 4.22,\"819,000\",$ 7.35,\"36,000\",$ 7.35\nPSAs Granted,\"3,100,000\",$ 7.35,-,$ -,\"3,100,000\",$ 7.35\nTotal,\"5,330,000\",,\"819,000\",,\"819,000\",",
      "json_rows_response": "The number of shares of common stock authorized for issuance under the Plan was increased from 4,650,000 shares to 5,050,000 shares. The number of shares of common stock authorized for issuance under the Plan was increased from 4,650,000 shares to 5,050,000 shares."
    },
    {
      "id": "5745196398b3689e34ad6098849b0269",
      "question": "What was the average PSAs granted for 2017-2019?",
      "gold_answer": 136218,
      "markdown_table_response": "The average PSAs granted for 2017-2019 was $ 12.45.",
      "csv_string_response": "The average PSAs granted for 2017-2019 was 23.27% of the total number of PSAs granted in those years.",
      "json_rows_response": "$ 0.00"
    },
    {
      "id": "7f9ac26d62e28f2366b9453d13c78fc1",
      "question": "What was the percentage increase in the PSAs granted from 2017 to 2019?",
      "gold_answer": 905.01,
      "markdown_table_response": "The percentage increase in the PSAs granted from 2017 to 2019 was 11.35%.",
      "csv_string_response": ",3%,,,",
      "json_rows_response": "RSAs\n2018"
    },
    {
      "id": "100171f6bba38d5bbaa9a8cc03ea98f9",
      "question": "In which years was the equity in net earnings of affiliates recorded for?",
      "gold_answer": [
        "2019",
        "2018"
      ],
      "markdown_table_response": "The equity in net earnings of affiliates was recorded for the years ended December 31, 2019, 2018 and 2017.",
      "csv_string_response": "In the year ended December 31, 2019, we recorded a loss of $22.5 million in equity in net earnings of affiliates.",
      "json_rows_response": "Year Ended December 31,"
    },
    {
      "id": "fc3c4cd8835dbd8f40341a85e205f568",
      "question": "What does the share of net earnings in other affiliates represent?",
      "gold_answer": [
        "Share of equity in Egyptian Company for Gas Services S.A.E (\"ECGS\") and Avenir LNG Limited (\"Avenir\")."
      ],
      "markdown_table_response": "Share of net earnings in other affiliates represents our share of equity in Egyptian Company for Gas Services S.A.E (\"ECGS\") and Avenir LNG Limited (\"Avenir\"). During the year ended December 31, 2018 we recognized negative goodwill of $3.8 million in equity in net earnings of affiliates to reflect our bargain purchase of Avenir. Refer to note 14 \"Investment in Affiliates\" of our consolidated financial statements included herein for further details.",
      "csv_string_response": "The share of net earnings in other affiliates represents our share of equity in Egyptian Company for Gas Services S.A.E (\"ECGS\") and Avenir LNG Limited (\"Avenir\"). During the year ended December 31, 2018 we recognized negative goodwill of $3.8 million in equity in net earnings of affiliates to reflect our bargain purchase of Avenir. Refer to note 14 \"Investment in Affiliates\" of our consolidated financial statements included herein for further details.",
      "json_rows_response": "The answer is \"negative goodwill\" because the decrease in the share of net earnings in Golar Partners is due to a decrease in underlying performance of Golar Partners and fair value adjustment for the year ended December 31, 2019."
    },
    {
      "id": "581abfc2b289f459b36a632c5b8c44c9",
      "question": "What accounted for the decrease in the share of net earnings in Golar Partners?",
      "gold_answer": [
        "Due to a decrease in underlying performance of Golar Partners and fair value adjustment for the year ended December 31, 2019."
      ],
      "markdown_table_response": "The decrease in the share of net earnings in Golar Partners is due to a decrease in underlying performance of Golar Partners and fair value adjustment for the year ended December 31, 2019.",
      "csv_string_response": "There was no change in the share of net earnings in Golar Partners during the year ended December 31, 2019.",
      "json_rows_response": "The decrease in the share of net earnings in Golar Partners is due to a decrease in underlying performance of Golar Partners and fair value adjustment for the year ended December 31, 2019."
    },
    {
      "id": "6eb998188752bbe35e723cadd8b492e8",
      "question": "In which year was the share of net (losses)/earnings in other affiliates higher?",
      "gold_answer": [
        "2018"
      ],
      "markdown_table_response": "The answer is:",
      "csv_string_response": "In which year was the share of net (losses)/earnings in other affiliates higher?",
      "json_rows_response": "The table and text above shows the information provided in the table and the accompanying text."
    },
    {
      "id": "28cfe0e549e18323cd9f1b0f1f49d85f",
      "question": "What was the change in ownership interest in Golar Partners held from 2018 to 2019?",
      "gold_answer": 0,
      "markdown_table_response": "The change in ownership interest in Golar Partners held from 2018 to 2019 is:\n|  |  |\n| --- | --- |\n| (in thousands of $) | 2019 | 2018 | Change | % Change |\n| Share in net (loss)/earnings in Golar Partners | (20,050) | 7,001 | (27,051) | (386)% |\n| Impairment of investment in Golar Partners | — | (149,389) | 149,389 | 100% |\n| Share of net (losses)/earnings in other affiliates | (2,515) | 3,711 | (6,226) | (168)% |\n|  | (22,565) | (138,677) | 116,112 | (84)% |",
      "csv_string_response": ",,\"December 31,\",,\n(in thousands of $),2019,2018,Change,% Change\nShare in net (loss)/earnings in Golar Partners,\"(20,050)\",\"7,001\",\"(27,051)\",(386)%\nImpairment of investment in Golar Partners,—,\"(149,389)\",\"149,389\",100%\nShare of net (losses)/earnings in other affiliates,\"(2,515)\",\"3,711\",\"(6,226)\",(168)%\n,\"(22,565)\",\"(138,677)\",\"116,112\",(84)%",
      "json_rows_response": ""
    },
    {
      "id": "f1457678b3b0811d5146ea5033683164",
      "question": "What was the percentage change in impairment of investment in Golar Partners?",
      "gold_answer": -100,
      "markdown_table_response": "The percentage change in impairment of investment in Golar Partners is (100% - 32.0%)/32.0% = 0%",
      "csv_string_response": "(answer based on table data and accompanying text)",
      "json_rows_response": "[\n  {\n    \"\": \"December 31, 2018\",\n    \"% Change\": \"(0)\"\n  },\n  {\n    \"\": \"December 31, 2019\",\n    \"% Change\": \"(0)\"\n  }\n]"
    },
    {
      "id": "a01a8cb8754b58eb1164c382080f56da",
      "question": "What does Cash and Cash Equivalents include?",
      "gold_answer": [
        "cash on hand, demand deposits and short-term investments with original maturities of three months or less"
      ],
      "markdown_table_response": "Cash and cash equivalents include cash on hand, demand deposits and short-term investments with original maturities of three months or less. The Company maintains its deposits at high-quality financial institutions and monitors the credit ratings of those institutions.",
      "csv_string_response": "It includes cash and cash equivalents.",
      "json_rows_response": "Cash and cash equivalents include cash and cash equivalents on hand, demand deposits and short-term investments with original maturities of three months or less. The Company maintains its deposits at high-quality financial institutions and monitors the credit ratings of those institutions."
    },
    {
      "id": "e468fefad43b7620335b498ea941c4c0",
      "question": "What was the Cash and cash equivalents in 2019?",
      "gold_answer": [
        "$1,501.2"
      ],
      "markdown_table_response": "The Cash and cash equivalents in 2019 was $1,578.0.",
      "csv_string_response": "$1,578.0",
      "json_rows_response": "Cash and cash equivalents in 2019 were $1,328.8."
    },
    {
      "id": "12cf3a1c59b97362f9d3a270158e7d13",
      "question": "What was the Restricted cash in 2017?",
      "gold_answer": [
        "152.8"
      ],
      "markdown_table_response": "|  |  | Year Ended December 31, |  |\n| --- | --- | --- | --- |\n|  | 2019 | 2018 | 2017 |\n| $152.8 | $152.8 | $152.8 | $152.8 |",
      "csv_string_response": "\\n",
      "json_rows_response": "This answer is a direct quote from the table and accompanying text."
    },
    {
      "id": "3e5ce768bd22c7caf20f1d1aef8f5223",
      "question": "What was the change in Cash and cash equivalents between 2017 and 2018?",
      "gold_answer": 406.6,
      "markdown_table_response": "The change in Cash and cash equivalents between 2017 and 2018 was $1,001.2.",
      "csv_string_response": "A. -$1,301.1\nB. -$1,001.4\nC. -$754.9\nD. -$1,585.9",
      "json_rows_response": "The change in Cash and cash equivalents between 2017 and 2018 is $-803.2."
    },
    {
      "id": "ea536b3ee6ad542b8ba6ac286f69708a",
      "question": "What was the change in restricted cash between 2018 and 2019?",
      "gold_answer": -19.4,
      "markdown_table_response": "Cash and cash equivalents decreased $152.8 in 2018 and increased $954.9 in 2019.",
      "csv_string_response": "The user's question was answered with the following answer:\nThe change in restricted cash was $1,102.9 million between 2018 and 2019.",
      "json_rows_response": "The change in restricted cash between 2018 and 2019 was $2,355.5."
    },
    {
      "id": "90fe2b41c9523249f82744554c978991",
      "question": "What was the percentage change in Total cash, cash equivalents and restricted cash between 2018 and 2019?",
      "gold_answer": 20.93,
      "markdown_table_response": "75%",
      "csv_string_response": "Year Ended December 31, 2018\n,2018,2017\nCash and cash equivalents,\"$1,508.1\",\"$1,229.3\",$782.4\nRestricted cash,73.2,99.1,159.0\nTotal cash, cash equivalents and restricted cash,\"$1,578.0\",\"$1,304.9\",$954.9\n,Year Ended December 31, 2019\n,2019,2018,2017\nCash and cash equivalents,\"$1,490.3\",\"$1,256.7\",$795.7\nRestricted cash,73.0,93.8,163.9\nTotal cash, cash equivalents and restricted cash,\"$1,578.0\",\"$1,304.9\",$954.9",
      "json_rows_response": "There were no changes in total cash and cash equivalents, but there was a decrease in restricted cash of -$6.4 million."
    },
    {
      "id": "9320ef50557cbf45266a37af7116ebfe",
      "question": "What is the topic of this note?",
      "gold_answer": [
        "Reconciliation of liabilities from financing activities"
      ],
      "markdown_table_response": "The table and the accompanying text provide the information required to answer the user’s question.",
      "csv_string_response": "The topic is the reconciliation of liabilities from financing activities.",
      "json_rows_response": "* The topic of this note is to reconcile the financing cash flows.\n* The financing cash flows are (i) the net amount of proceeds from borrowings and repayments of borrowings, net interest paid on borrowings, and settlement of swaps for bonds repaid in the statement of cash flows, and (ii) the non-cash changes in the fair value of the financial instruments."
    },
    {
      "id": "969b68fc6f6f25f342102d5f8f7319de",
      "question": " Which year does the information in the table relate to?",
      "gold_answer": [
        "2018"
      ],
      "markdown_table_response": "|  | Bonds | Bank loans | Finance lease liabilities | Interest payable | Derivative financial instruments |\n| --- | --- | --- | --- | --- | --- |\n| 2018 | 8,726.6 | 2,306.3 | 198.2 | 142.7 | (245.3) |\n| 2017 | 8,726.6 | 2,306.3 | 198.2 | 142.7 | (245.3) |\n| 2017 | 8,726.6 | 2,306.3 | 198.2 | 142.7 | (245.3) |\n| 2017 | 8,726.6 | 2,306.3 | 198.2 | 142.7 | (245.3) |",
      "csv_string_response": "**2018**",
      "json_rows_response": "Group - 2018"
    },
    {
      "id": "487d16d4c65d212490edf8096840da2d",
      "question": "What is included in the line item \"financing cash flows\"?",
      "gold_answer": [
        "The cash flows comprise the net amount of proceeds from borrowings and repayments of borrowings, net interest paid on borrowings, and settlement of swaps for bonds repaid in the statement of cash flows."
      ],
      "markdown_table_response": "In the table, the net proceeds from borrowings and repayments of borrowings, net interest paid on borrowings, and settlement of swaps for bonds repaid in the statement of cash flows.",
      "csv_string_response": "Accompanying text:\n\"The financing cash flows are the net amount of proceeds from borrowings and repayments of borrowings, net interest paid on borrowings, and settlement of swaps for bonds repaid in the statement of cash flows. The net amount of proceeds from borrowings and repayments of borrowings is the cash received from borrowings and repayments of borrowings less repayments of interest and repayments of finance leases and other payments of non-cash nature. The net amount of proceeds from borrowings and repayments of borrowings is the cash received from borrowings and repayments of borrowings less the fair value of the bonds and interest payable. The net interest paid on borrowings is the amount of interest paid on borrowings less the interest payable and any cash received from borrowings and repayments of borrowings. The net amount of proceeds from borrowings and repayments of borrowings is the cash received from borrowings and repayments of borrowings less the amortisation of bond discount and any cash received from borrowings and repayments of borrowings. The net amount of proceeds from borrowings and repayments of borrowings is the cash received from borrowings and repayments of borrowings less the acquisition of subsidiary and any cash received from",
      "json_rows_response": "The user is looking for information on the \"financing cash flows\" line item. It is not clear if the user is looking for information on the \"non-cash changes\" line item or the \"financing cash flows\" line item. It is not clear if the user is looking for information on the \"amortisation of bond discount\" line item or the \"financing cash flows\" line item. It is not clear if the user is looking for information on the \"foreign exchange movements\" line item or the \"financing cash flows\" line item. It is not clear if the user is looking for information on the \"acquisition of subsidiary\" line item or the \"financing cash flows\" line item. It is not clear if the user is looking for information on the \"additions of finance lease\" line item or the \"financing cash flows\" line item. It is not clear if the user is looking for information on the \"interest expense\" line item or the \"financing cash flows\" line item. It is not clear if the user is looking for information on the \"adjustment\" line item or the \"financing cash flows\" line item."
    },
    {
      "id": "94d099d8cf03272c4750a76ec5e42b8c",
      "question": "How many categories of liabilities are there?",
      "gold_answer": "5",
      "markdown_table_response": "The table data and accompanying text are sufficient for you to answer the question. You have a total of 14 categories of liabilities.",
      "csv_string_response": "1",
      "json_rows_response": "1"
    },
    {
      "id": "b0b1580d6fd9fc014e30a5f20a25df66",
      "question": "How many types of non-cash changes are there?",
      "gold_answer": "7",
      "markdown_table_response": "|  | Bonds | Bank loans | Finance lease liabilities | Interest payable | Derivative financial instruments |\n| --- | --- | --- | --- | --- | --- |\n| Group - 2018 | S$ Mil | S$ Mil | S$ Mil | S$ Mil | S$ Mil |\n| As at 1 April 2017 | 8,726.6 | 2,306.3 | 198.2 | 142.7 | (245.3) |\n| Financing cash flows (1) | (506.2) | 222.6 | (28.3) | (379.9) | 61.4 |\n| Non-cash changes: |  |  |  |  |  |\n| Fair value adjustments | (65.4) | - | - | - | 107.8 |\n| Amortisation of bond discount | 3.2 | - | - | - | - |\n| Foreign exchange movements | (273.3) | (58.5) | (0.5) | (8.5) | 11.5 |\n| Acquisition of subsidiary | - | 31.3 | 8.7 | - |  |\n| Additions of finance lease |",
      "csv_string_response": "2",
      "json_rows_response": "There are 5 types of non-cash changes."
    },
    {
      "id": "efbf063ef0597846c5ddf3cc1b7b72e4",
      "question": "Which type of non-cash change has the largest impact in terms of the categories of liabilities that it affects?",
      "gold_answer": [
        "Foreign exchange movements"
      ],
      "markdown_table_response": "(1) Foreign exchange movements\n(2) Interest expense\n(3) Foreign exchange movements and interest expense\n(4) Foreign exchange movements and amortisation of bond discount\n(5) Foreign exchange movements, foreign exchange movements and amortisation of bond discount, and foreign exchange movements\n(6) Foreign exchange movements, foreign exchange movements and amortisation of bond discount and foreign exchange movements",
      "csv_string_response": "(3) Non-cash change of foreign exchange movements",
      "json_rows_response": "(3) Foreign exchange movements"
    },
    {
      "id": "107f1d63d192600d57e2f2e2a1573e24",
      "question": "What are the US$ values for 2015 to 2018 translated for?",
      "gold_answer": [
        "Translated for the convenience of the reader from euro into U.S. dollars at the Noon Buying Rate for converting euro into U.S. dollars on the dividend payment date."
      ],
      "markdown_table_response": "You should select the “5. Dividend” option.",
      "csv_string_response": "The dividend of €1.58 per ordinary share is payable on December 31, 2020.",
      "json_rows_response": "The following table sets forth the US$ values for 2015 to 2018 translated for the purpose of answering the user’s question."
    },
    {
      "id": "03579c594a67694969eec518db122b36",
      "question": "What is the US$ value for 2019 translated for?",
      "gold_answer": [
        "the convenience of the reader from euro into U.S. dollars at the Noon Buying Rate for converting euro into U.S. dollars on February 7, 2020 of US$1.0950 per €1.00"
      ],
      "markdown_table_response": "€1.73 (2)",
      "csv_string_response": "The US$ value for 2019 is 1.73.",
      "json_rows_response": "$1.1358"
    },
    {
      "id": "f9e862f9f2b464041409f502e45d2c37",
      "question": "In which years is the Annual Dividends Paid and Proposed provided?",
      "gold_answer": [
        "2015",
        "2016",
        "2017",
        "2018",
        "2019"
      ],
      "markdown_table_response": "Year Ended December 31, 2015",
      "csv_string_response": "The final answer is based on the table and the accompanying text and is as follows:",
      "json_rows_response": "Annual Dividends Paid and Proposed\nThe table sets forth the Annual Dividends Paid and Proposed per ordinary share for each of the years indicated."
    },
    {
      "id": "287698fe88f19a7fdff20525435ead5b",
      "question": "In which year was the dividend paid per ordinary share in € the largest?",
      "gold_answer": [
        "2019"
      ],
      "markdown_table_response": "The dividend per ordinary share in € was largest in 2018.",
      "csv_string_response": "Year Ended December 31, 2015",
      "json_rows_response": "**Dividend Paid per Ordinary Share**"
    },
    {
      "id": "ff6211402b4a547aff3f4197073e0423",
      "question": "What was the change in Dividend Paid per Ordinary Share in € in 2016 from 2015?",
      "gold_answer": 0.1,
      "markdown_table_response": "€",
      "csv_string_response": "This question is answered with the following:",
      "json_rows_response": "1.73"
    },
    {
      "id": "6cf8ec5b621c2ad7848f6a65ac0063d5",
      "question": "What was the percentage change in Dividend Paid per Ordinary Share in € in 2016 from 2015?",
      "gold_answer": 8.7,
      "markdown_table_response": "% Change in Dividend Paid per Ordinary Share in € in 2016 from 2015",
      "csv_string_response": "The percentage change in Dividend Paid per Ordinary Share in € in 2016 from 2015 is 4.39%.",
      "json_rows_response": ""
    },
    {
      "id": "5cf9d1ffc30dc6778c87af9ccfd7840b",
      "question": "What is the percentage increase in CTS sales in 2019?",
      "gold_answer": [
        "27%"
      ],
      "markdown_table_response": "**The correct answer is 51%**.",
      "csv_string_response": ",Fiscal 2019,Fiscal 2018,% Change\n,,(in millions),\nSales,$  849.8,$  670.7,27 %\nOperating income,77.2,60.4,28\nAdjusted EBITDA,$ 110.5,73.3,51",
      "json_rows_response": "**55%**"
    },
    {
      "id": "f57289cb36aad8d9f704b97368a28bcb",
      "question": "What resulted in the increase in the amortization of purchased intangibles included in the CTS operating results?",
      "gold_answer": [
        "amortization of purchased intangibles for companies acquired by CTS in fiscal year 2019."
      ],
      "markdown_table_response": "The increase in the amortization of purchased intangibles included in the CTS operating results was due to the impact of the adoption of ASC 606.",
      "csv_string_response": "We should only use the information provided in the table and the accompanying text.",
      "json_rows_response": "The increase in the amortization of purchased intangibles included in the CTS operating results was due to the implementation of ASC 606."
    },
    {
      "id": "c691cdcabce4c06d371dc5757b6c0a44",
      "question": "Which locations are responsible for driving the increase in sales in 2019?",
      "gold_answer": [
        "New York",
        "Boston",
        "San Francisco Bay Area",
        "Australia"
      ],
      "markdown_table_response": "",
      "csv_string_response": ",Fiscal 2019,Fiscal 2018,% Change\n,,(in millions),\nSales: New York, Boston, and the San Francisco Bay Area,\nOperating income,\nOperating income,\nOperating income,\nOperating income,\nOperating income,\nAdjusted EBITDA,\nAdjusted EBITDA,\nAdjusted EBITDA,\nAdjusted EBITDA,\nAdjusted EBITDA,\nAdjusted EBITDA,\nAdjusted EBITDA",
      "json_rows_response": "The answer is:"
    },
    {
      "id": "b4eea9ff6cbab8ca09b4e3ad98c064e1",
      "question": "How many items had a % change that is less than 50%?",
      "gold_answer": "2",
      "markdown_table_response": "There are 2.",
      "csv_string_response": "Answer: 2",
      "json_rows_response": "3"
    },
    {
      "id": "382db12a3a49ded71cc3f7e3924f8636",
      "question": "What is the change in Adjusted EBITDA from 2018 to 2019?",
      "gold_answer": 37.2,
      "markdown_table_response": "| **Fiscal 2019** | **Fiscal 2018** | **% Change** |\n| --- | --- | --- |\n|  |  | (in millions) |\n| Sales | $  849.8 | $  670.7 | 27 % |\n| Operating income | 77.2 | 60.4 | 28 |\n| Adjusted EBITDA | 110.5 | 73.3 | 51 |",
      "csv_string_response": "Adjusted EBITDA increased 51% in 2019 compared to 2018.",
      "json_rows_response": "The change in Adjusted EBITDA from 2018 to 2019 is $42.5 million, or 51%."
    },
    {
      "id": "0372329c6901d9328da3b462417969ef",
      "question": "What is the average annual operating income in 2018 and 2019?",
      "gold_answer": 68.8,
      "markdown_table_response": "The average annual operating income in 2018 was $110.5 million and in 2019 was $73.3 million.",
      "csv_string_response": "The average annual operating income in 2018 and 2019 was $74.6 million and $77.2 million, respectively.",
      "json_rows_response": "Average annual operating income in 2018 was $73.3 million and in 2019 was $77.2 million."
    },
    {
      "id": "dacba996238131f4c27a870ce866bc31",
      "question": "How much did net sales change between 2017 and 2018?",
      "gold_answer": [
        "19.7"
      ],
      "markdown_table_response": "|  | For the Fiscal Years Ended |  |  |  |\n| --- | --- | --- | --- | --- |\n|  | March 31, 2018 |  | March 31, 2017 |  |\n|  | Amount | % to Net Sales | Amount | % to Net Sales |\n| Net sales (1) | $202,069 |  | $182,228 |  |\n| Segment operating income (loss) (1) | 3,618 | 1.8% | (9,028) | (5.0)% |",
      "csv_string_response": ",For the Fiscal Years Ended,,,\n,\"March 31, 2018\",,\"March 31, 2017\",\n,Amount,% to Net Sales,Amount,% to Net Sales\nNet sales (1),\"$202,977\",,\"$182,228\",\nSegment operating income (loss) (1),\"3,622\",1.8%,\"(9,028)\",(5.0)%",
      "json_rows_response": "$19.7 million"
    },
    {
      "id": "bc0f5dc715ed31d9471b37d2dcbb5a99",
      "question": "How much did segment operating income change between 2017 and 2018?",
      "gold_answer": [
        "12.7"
      ],
      "markdown_table_response": "|  | For the Fiscal Years Ended |  |  |  |\n| --- | --- | --- | --- | --- |\n|  | March 31, 2018 |  | March 31, 2017 |  |\n|  | Amount | % to Net Sales | Amount | % to Net Sales |\n| Segment operating income (loss) (1) | $3.6 | 1.8% | (9.0) | (5.0)% |",
      "csv_string_response": ",For the Fiscal Years Ended,,,\n,\"March 31, 2018\",,\"March 31, 2017\",\n,Amount,% to Net Sales,Amount,% to Net Sales\nNet sales (1),\"$202,000\",,\"$182,228\",\nSegment operating income (loss) (1),\"3,622\",1.8%,\"(9,028)\",(5.0)%",
      "json_rows_response": "The answer is $13.7 million."
    },
    {
      "id": "720e234d5d8c898464ab864a2f524fff",
      "question": "What was the amount of net sales in 2017?",
      "gold_answer": [
        "182,228"
      ],
      "markdown_table_response": "Net sales of $182,228 in 2017.",
      "csv_string_response": "(1) Net sales in 2017 was $182,228.",
      "json_rows_response": "**net sales**\n$182.2"
    },
    {
      "id": "05eb4bf6b50c8375b2e6cf3416e4b419",
      "question": "How many years did net sales exceed $200,000 thousand?",
      "gold_answer": "1",
      "markdown_table_response": "1 years",
      "csv_string_response": "**$200,000 thousand**",
      "json_rows_response": "Two years"
    },
    {
      "id": "a703b7c0fb243ce725337407faac5266",
      "question": "What was the change in the percentage to net sales for segment operating income (loss) between 2017 and 2018?",
      "gold_answer": 6.8,
      "markdown_table_response": "|  | For the Fiscal Years Ended |  |  |  |\n| --- | --- | --- | --- | --- |\n|  | March 31, 2018 |  | March 31, 2017 |  |\n|  | Percent to Net Sales | Percent to Net Sales | Percent to Net Sales |\n| Net sales (1) | $202,000 | $182,000 | $201,000 |\n| Segment operating income (loss) (1) | 3,623 | 9.0 | 3,622 |",
      "csv_string_response": "The answer to this question is **the change in the percentage to net sales was positive**.",
      "json_rows_response": "(1) Net Sales:\n        0.04% (1.2)%\n        -0.06% (1.2)%\n(2) Operating Income (Loss):\n        -1.02% (9.0)%\n        -3.68% (9.0)%"
    }
  ],
  "total_prompts": 300,
  "total_responses": 900,
  "processing_time": 102.45067977905273,
  "inference_engine": "vLLM"
}